%YAML 1.1
%TAG !u! tag:unity3d.com,2011:
--- !u!29 &1
OcclusionCullingSettings:
  m_ObjectHideFlags: 0
  serializedVersion: 2
  m_OcclusionBakeSettings:
    smallestOccluder: 5
    smallestHole: 0.25
    backfaceThreshold: 100
  m_SceneGUID: 00000000000000000000000000000000
  m_OcclusionCullingData: {fileID: 0}
--- !u!104 &2
RenderSettings:
  m_ObjectHideFlags: 0
  serializedVersion: 8
  m_Fog: 0
  m_FogColor: {r: 0.5, g: 0.5, b: 0.5, a: 1}
  m_FogMode: 3
  m_FogDensity: 0.01
  m_LinearFogStart: 0
  m_LinearFogEnd: 300
  m_AmbientSkyColor: {r: 0.212, g: 0.227, b: 0.259, a: 1}
  m_AmbientEquatorColor: {r: 0.114, g: 0.125, b: 0.133, a: 1}
  m_AmbientGroundColor: {r: 0.047, g: 0.043, b: 0.035, a: 1}
  m_AmbientIntensity: 1
  m_AmbientMode: 0
  m_SubtractiveShadowColor: {r: 0.42, g: 0.478, b: 0.627, a: 1}
  m_SkyboxMaterial: {fileID: 0}
  m_HaloStrength: 0.5
  m_FlareStrength: 1
  m_FlareFadeSpeed: 3
  m_HaloTexture: {fileID: 0}
  m_SpotCookie: {fileID: 10001, guid: 0000000000000000e000000000000000, type: 0}
  m_DefaultReflectionMode: 0
  m_DefaultReflectionResolution: 128
  m_ReflectionBounces: 1
  m_ReflectionIntensity: 1
  m_CustomReflection: {fileID: 0}
  m_Sun: {fileID: 0}
  m_IndirectSpecularColor: {r: 0, g: 0, b: 0, a: 1}
--- !u!157 &3
LightmapSettings:
  m_ObjectHideFlags: 0
  serializedVersion: 11
  m_GIWorkflowMode: 0
  m_GISettings:
    serializedVersion: 2
    m_BounceScale: 1
    m_IndirectOutputScale: 1
    m_AlbedoBoost: 1
    m_TemporalCoherenceThreshold: 1
    m_EnvironmentLightingMode: 0
    m_EnableBakedLightmaps: 1
    m_EnableRealtimeLightmaps: 1
  m_LightmapEditorSettings:
    serializedVersion: 9
    m_Resolution: 2
    m_BakeResolution: 40
    m_TextureWidth: 1024
    m_TextureHeight: 1024
    m_AO: 0
    m_AOMaxDistance: 1
    m_CompAOExponent: 1
    m_CompAOExponentDirect: 0
    m_Padding: 2
    m_LightmapParameters: {fileID: 0}
    m_LightmapsBakeMode: 1
    m_TextureCompression: 1
    m_FinalGather: 0
    m_FinalGatherFiltering: 1
    m_FinalGatherRayCount: 256
    m_ReflectionCompression: 2
    m_MixedBakeMode: 2
    m_BakeBackend: 0
    m_PVRSampling: 1
    m_PVRDirectSampleCount: 32
    m_PVRSampleCount: 500
    m_PVRBounces: 2
    m_PVRFilterTypeDirect: 0
    m_PVRFilterTypeIndirect: 0
    m_PVRFilterTypeAO: 0
    m_PVRFilteringMode: 1
    m_PVRCulling: 1
    m_PVRFilteringGaussRadiusDirect: 1
    m_PVRFilteringGaussRadiusIndirect: 5
    m_PVRFilteringGaussRadiusAO: 2
    m_PVRFilteringAtrousPositionSigmaDirect: 0.5
    m_PVRFilteringAtrousPositionSigmaIndirect: 2
    m_PVRFilteringAtrousPositionSigmaAO: 1
    m_ShowResolutionOverlay: 1
  m_LightingDataAsset: {fileID: 0}
  m_UseShadowmask: 1
--- !u!196 &4
NavMeshSettings:
  serializedVersion: 2
  m_ObjectHideFlags: 0
  m_BuildSettings:
    serializedVersion: 2
    agentTypeID: 0
    agentRadius: 0.5
    agentHeight: 2
    agentSlope: 45
    agentClimb: 0.4
    ledgeDropHeight: 0
    maxJumpAcrossDistance: 0
    minRegionArea: 2
    manualCellSize: 0
    cellSize: 0.16666667
    manualTileSize: 0
    tileSize: 256
    accuratePlacement: 0
    debug:
      m_Flags: 0
  m_NavMeshData: {fileID: 0}
--- !u!1 &48937882
GameObject:
  m_ObjectHideFlags: 0
  m_PrefabParentObject: {fileID: 100016, guid: 7f6a9cfbbc5218349aed7ccc86efb1ff, type: 3}
  m_PrefabInternal: {fileID: 560840698}
  serializedVersion: 5
  m_Component:
  - component: {fileID: 48937883}
  - component: {fileID: 48937885}
  - component: {fileID: 48937884}
  m_Layer: 0
  m_Name: Cube_005
  m_TagString: Untagged
  m_Icon: {fileID: 0}
  m_NavMeshLayer: 0
  m_StaticEditorFlags: 0
  m_IsActive: 1
--- !u!4 &48937883
Transform:
  m_ObjectHideFlags: 0
  m_PrefabParentObject: {fileID: 400016, guid: 7f6a9cfbbc5218349aed7ccc86efb1ff, type: 3}
  m_PrefabInternal: {fileID: 560840698}
  m_GameObject: {fileID: 48937882}
  m_LocalRotation: {x: 1, y: -0, z: 0, w: 0.00000013315805}
  m_LocalPosition: {x: -3.3737988, y: 2.1510975, z: -0.31436512}
  m_LocalScale: {x: 0.189, y: 0.189, z: 0.189}
  m_Children: []
  m_Father: {fileID: 2090943398}
  m_RootOrder: 8
  m_LocalEulerAnglesHint: {x: 0, y: 0, z: 0}
--- !u!23 &48937884
MeshRenderer:
  m_ObjectHideFlags: 0
  m_PrefabParentObject: {fileID: 2300016, guid: 7f6a9cfbbc5218349aed7ccc86efb1ff,
    type: 3}
  m_PrefabInternal: {fileID: 560840698}
  m_GameObject: {fileID: 48937882}
  m_Enabled: 1
  m_CastShadows: 1
  m_ReceiveShadows: 1
  m_DynamicOccludee: 1
  m_MotionVectors: 1
  m_LightProbeUsage: 1
  m_ReflectionProbeUsage: 1
  m_Materials:
  - {fileID: 2100006, guid: 7f6a9cfbbc5218349aed7ccc86efb1ff, type: 3}
  m_StaticBatchInfo:
    firstSubMesh: 0
    subMeshCount: 0
  m_StaticBatchRoot: {fileID: 0}
  m_ProbeAnchor: {fileID: 0}
  m_LightProbeVolumeOverride: {fileID: 0}
  m_ScaleInLightmap: 1
  m_PreserveUVs: 0
  m_IgnoreNormalsForChartDetection: 0
  m_ImportantGI: 0
  m_StitchLightmapSeams: 0
  m_SelectedEditorRenderState: 3
  m_MinimumChartSize: 4
  m_AutoUVMaxDistance: 0.5
  m_AutoUVMaxAngle: 89
  m_LightmapParameters: {fileID: 0}
  m_SortingLayerID: 0
  m_SortingLayer: 0
  m_SortingOrder: 0
--- !u!33 &48937885
MeshFilter:
  m_ObjectHideFlags: 0
  m_PrefabParentObject: {fileID: 3300016, guid: 7f6a9cfbbc5218349aed7ccc86efb1ff,
    type: 3}
  m_PrefabInternal: {fileID: 560840698}
  m_GameObject: {fileID: 48937882}
  m_Mesh: {fileID: 4300016, guid: 7f6a9cfbbc5218349aed7ccc86efb1ff, type: 3}
--- !u!1 &83818077
GameObject:
  m_ObjectHideFlags: 0
  m_PrefabParentObject: {fileID: 100008, guid: 7f6a9cfbbc5218349aed7ccc86efb1ff, type: 3}
  m_PrefabInternal: {fileID: 560840698}
  serializedVersion: 5
  m_Component:
  - component: {fileID: 83818078}
  - component: {fileID: 83818080}
  - component: {fileID: 83818079}
  m_Layer: 0
  m_Name: Cube_001
  m_TagString: Untagged
  m_Icon: {fileID: 0}
  m_NavMeshLayer: 0
  m_StaticEditorFlags: 0
  m_IsActive: 1
--- !u!4 &83818078
Transform:
  m_ObjectHideFlags: 0
  m_PrefabParentObject: {fileID: 400008, guid: 7f6a9cfbbc5218349aed7ccc86efb1ff, type: 3}
  m_PrefabInternal: {fileID: 560840698}
  m_GameObject: {fileID: 83818077}
  m_LocalRotation: {x: -0.34202018, y: 0, z: -0, w: 0.9396926}
  m_LocalPosition: {x: -3.3737988, y: 3.0809798, z: 3.0019448}
  m_LocalScale: {x: 0.189, y: 0.189, z: 0.189}
  m_Children: []
  m_Father: {fileID: 2090943398}
  m_RootOrder: 4
  m_LocalEulerAnglesHint: {x: 0, y: 0, z: 0}
--- !u!23 &83818079
MeshRenderer:
  m_ObjectHideFlags: 0
  m_PrefabParentObject: {fileID: 2300008, guid: 7f6a9cfbbc5218349aed7ccc86efb1ff,
    type: 3}
  m_PrefabInternal: {fileID: 560840698}
  m_GameObject: {fileID: 83818077}
  m_Enabled: 1
  m_CastShadows: 1
  m_ReceiveShadows: 1
  m_DynamicOccludee: 1
  m_MotionVectors: 1
  m_LightProbeUsage: 1
  m_ReflectionProbeUsage: 1
  m_Materials:
  - {fileID: 2100006, guid: 7f6a9cfbbc5218349aed7ccc86efb1ff, type: 3}
  m_StaticBatchInfo:
    firstSubMesh: 0
    subMeshCount: 0
  m_StaticBatchRoot: {fileID: 0}
  m_ProbeAnchor: {fileID: 0}
  m_LightProbeVolumeOverride: {fileID: 0}
  m_ScaleInLightmap: 1
  m_PreserveUVs: 0
  m_IgnoreNormalsForChartDetection: 0
  m_ImportantGI: 0
  m_StitchLightmapSeams: 0
  m_SelectedEditorRenderState: 3
  m_MinimumChartSize: 4
  m_AutoUVMaxDistance: 0.5
  m_AutoUVMaxAngle: 89
  m_LightmapParameters: {fileID: 0}
  m_SortingLayerID: 0
  m_SortingLayer: 0
  m_SortingOrder: 0
--- !u!33 &83818080
MeshFilter:
  m_ObjectHideFlags: 0
  m_PrefabParentObject: {fileID: 3300008, guid: 7f6a9cfbbc5218349aed7ccc86efb1ff,
    type: 3}
  m_PrefabInternal: {fileID: 560840698}
  m_GameObject: {fileID: 83818077}
  m_Mesh: {fileID: 4300024, guid: 7f6a9cfbbc5218349aed7ccc86efb1ff, type: 3}
--- !u!1 &379185240
GameObject:
  m_ObjectHideFlags: 0
  m_PrefabParentObject: {fileID: 100024, guid: 7f6a9cfbbc5218349aed7ccc86efb1ff, type: 3}
  m_PrefabInternal: {fileID: 560840698}
  serializedVersion: 5
  m_Component:
  - component: {fileID: 379185241}
  - component: {fileID: 379185243}
  - component: {fileID: 379185242}
  m_Layer: 0
  m_Name: Cube_009
  m_TagString: Untagged
  m_Icon: {fileID: 0}
  m_NavMeshLayer: 0
  m_StaticEditorFlags: 0
  m_IsActive: 1
--- !u!4 &379185241
Transform:
  m_ObjectHideFlags: 0
  m_PrefabParentObject: {fileID: 400024, guid: 7f6a9cfbbc5218349aed7ccc86efb1ff, type: 3}
  m_PrefabInternal: {fileID: 560840698}
  m_GameObject: {fileID: 379185240}
  m_LocalRotation: {x: 0.49999997, y: -0, z: -0, w: 0.86602545}
  m_LocalPosition: {x: -3.3737988, y: 0.3845933, z: 2.4019847}
  m_LocalScale: {x: 0.189, y: 0.189, z: 0.189}
  m_Children: []
  m_Father: {fileID: 2090943398}
  m_RootOrder: 12
  m_LocalEulerAnglesHint: {x: 0, y: 0, z: 0}
--- !u!23 &379185242
MeshRenderer:
  m_ObjectHideFlags: 0
  m_PrefabParentObject: {fileID: 2300024, guid: 7f6a9cfbbc5218349aed7ccc86efb1ff,
    type: 3}
  m_PrefabInternal: {fileID: 560840698}
  m_GameObject: {fileID: 379185240}
  m_Enabled: 1
  m_CastShadows: 1
  m_ReceiveShadows: 1
  m_DynamicOccludee: 1
  m_MotionVectors: 1
  m_LightProbeUsage: 1
  m_ReflectionProbeUsage: 1
  m_Materials:
  - {fileID: 2100006, guid: 7f6a9cfbbc5218349aed7ccc86efb1ff, type: 3}
  m_StaticBatchInfo:
    firstSubMesh: 0
    subMeshCount: 0
  m_StaticBatchRoot: {fileID: 0}
  m_ProbeAnchor: {fileID: 0}
  m_LightProbeVolumeOverride: {fileID: 0}
  m_ScaleInLightmap: 1
  m_PreserveUVs: 0
  m_IgnoreNormalsForChartDetection: 0
  m_ImportantGI: 0
  m_StitchLightmapSeams: 0
  m_SelectedEditorRenderState: 3
  m_MinimumChartSize: 4
  m_AutoUVMaxDistance: 0.5
  m_AutoUVMaxAngle: 89
  m_LightmapParameters: {fileID: 0}
  m_SortingLayerID: 0
  m_SortingLayer: 0
  m_SortingOrder: 0
--- !u!33 &379185243
MeshFilter:
  m_ObjectHideFlags: 0
  m_PrefabParentObject: {fileID: 3300024, guid: 7f6a9cfbbc5218349aed7ccc86efb1ff,
    type: 3}
  m_PrefabInternal: {fileID: 560840698}
  m_GameObject: {fileID: 379185240}
  m_Mesh: {fileID: 4300008, guid: 7f6a9cfbbc5218349aed7ccc86efb1ff, type: 3}
--- !u!1 &545570940
GameObject:
  m_ObjectHideFlags: 0
  m_PrefabParentObject: {fileID: 0}
  m_PrefabInternal: {fileID: 0}
  serializedVersion: 5
  m_Component:
  - component: {fileID: 545570945}
  - component: {fileID: 545570944}
  - component: {fileID: 545570943}
  - component: {fileID: 545570942}
  - component: {fileID: 545570941}
  m_Layer: 8
  m_Name: Puzzle_Sprendejas
  m_TagString: Untagged
  m_Icon: {fileID: 0}
  m_NavMeshLayer: 0
  m_StaticEditorFlags: 0
  m_IsActive: 1
--- !u!54 &545570941
Rigidbody:
  m_ObjectHideFlags: 0
  m_PrefabParentObject: {fileID: 0}
  m_PrefabInternal: {fileID: 0}
  m_GameObject: {fileID: 545570940}
  serializedVersion: 2
  m_Mass: 1
  m_Drag: 0
  m_AngularDrag: 0.05
  m_UseGravity: 1
  m_IsKinematic: 0
  m_Interpolate: 0
  m_Constraints: 0
  m_CollisionDetection: 0
--- !u!23 &545570942
MeshRenderer:
  m_ObjectHideFlags: 0
  m_PrefabParentObject: {fileID: 0}
  m_PrefabInternal: {fileID: 0}
  m_GameObject: {fileID: 545570940}
  m_Enabled: 1
  m_CastShadows: 1
  m_ReceiveShadows: 1
  m_DynamicOccludee: 1
  m_MotionVectors: 1
  m_LightProbeUsage: 1
  m_ReflectionProbeUsage: 1
  m_Materials:
  - {fileID: 2100000, guid: f41653ee97977be47b71d77bc27ac381, type: 2}
  m_StaticBatchInfo:
    firstSubMesh: 0
    subMeshCount: 0
  m_StaticBatchRoot: {fileID: 0}
  m_ProbeAnchor: {fileID: 0}
  m_LightProbeVolumeOverride: {fileID: 0}
  m_ScaleInLightmap: 1
  m_PreserveUVs: 1
  m_IgnoreNormalsForChartDetection: 0
  m_ImportantGI: 0
  m_StitchLightmapSeams: 0
  m_SelectedEditorRenderState: 3
  m_MinimumChartSize: 4
  m_AutoUVMaxDistance: 0.5
  m_AutoUVMaxAngle: 89
  m_LightmapParameters: {fileID: 0}
  m_SortingLayerID: 0
  m_SortingLayer: 0
  m_SortingOrder: 0
--- !u!65 &545570943
BoxCollider:
  m_ObjectHideFlags: 0
  m_PrefabParentObject: {fileID: 0}
  m_PrefabInternal: {fileID: 0}
  m_GameObject: {fileID: 545570940}
  m_Material: {fileID: 0}
  m_IsTrigger: 0
  m_Enabled: 1
  serializedVersion: 2
  m_Size: {x: 1, y: 1, z: 1}
  m_Center: {x: 0, y: 0, z: 0}
--- !u!33 &545570944
MeshFilter:
  m_ObjectHideFlags: 0
  m_PrefabParentObject: {fileID: 0}
  m_PrefabInternal: {fileID: 0}
  m_GameObject: {fileID: 545570940}
  m_Mesh: {fileID: 10202, guid: 0000000000000000e000000000000000, type: 0}
--- !u!4 &545570945
Transform:
  m_ObjectHideFlags: 0
  m_PrefabParentObject: {fileID: 0}
  m_PrefabInternal: {fileID: 0}
  m_GameObject: {fileID: 545570940}
  m_LocalRotation: {x: -0, y: -0, z: -0, w: 1}
  m_LocalPosition: {x: 6.97, y: 5.15, z: 14.65}
  m_LocalScale: {x: 1, y: 1, z: 1}
  m_Children: []
  m_Father: {fileID: 1785780122}
  m_RootOrder: 3
  m_LocalEulerAnglesHint: {x: 0, y: 0, z: 0}
--- !u!1001 &560840698
Prefab:
  m_ObjectHideFlags: 0
  serializedVersion: 2
  m_Modification:
    m_TransformParent: {fileID: 0}
    m_Modifications:
    - target: {fileID: 400030, guid: 7f6a9cfbbc5218349aed7ccc86efb1ff, type: 3}
      propertyPath: m_LocalPosition.x
      value: -9.8726
      objectReference: {fileID: 0}
    - target: {fileID: 400030, guid: 7f6a9cfbbc5218349aed7ccc86efb1ff, type: 3}
      propertyPath: m_LocalPosition.y
      value: 0.012341
      objectReference: {fileID: 0}
    - target: {fileID: 400030, guid: 7f6a9cfbbc5218349aed7ccc86efb1ff, type: 3}
      propertyPath: m_LocalPosition.z
      value: 9.8047
      objectReference: {fileID: 0}
    - target: {fileID: 400030, guid: 7f6a9cfbbc5218349aed7ccc86efb1ff, type: 3}
      propertyPath: m_LocalRotation.x
      value: 0
      objectReference: {fileID: 0}
    - target: {fileID: 400030, guid: 7f6a9cfbbc5218349aed7ccc86efb1ff, type: 3}
      propertyPath: m_LocalRotation.y
      value: 0
      objectReference: {fileID: 0}
    - target: {fileID: 400030, guid: 7f6a9cfbbc5218349aed7ccc86efb1ff, type: 3}
      propertyPath: m_LocalRotation.z
      value: 0
      objectReference: {fileID: 0}
    - target: {fileID: 400030, guid: 7f6a9cfbbc5218349aed7ccc86efb1ff, type: 3}
      propertyPath: m_LocalRotation.w
      value: 1
      objectReference: {fileID: 0}
    - target: {fileID: 400030, guid: 7f6a9cfbbc5218349aed7ccc86efb1ff, type: 3}
      propertyPath: m_RootOrder
      value: 1
      objectReference: {fileID: 0}
    - target: {fileID: 400030, guid: 7f6a9cfbbc5218349aed7ccc86efb1ff, type: 3}
      propertyPath: m_LocalScale.z
      value: 0.97764224
      objectReference: {fileID: 0}
    - target: {fileID: 400030, guid: 7f6a9cfbbc5218349aed7ccc86efb1ff, type: 3}
      propertyPath: m_LocalScale.x
      value: 0.949703
      objectReference: {fileID: 0}
    m_RemovedComponents: []
  m_ParentPrefab: {fileID: 100100000, guid: 7f6a9cfbbc5218349aed7ccc86efb1ff, type: 3}
  m_IsPrefabParent: 0
--- !u!1 &576154325
GameObject:
  m_ObjectHideFlags: 0
  m_PrefabParentObject: {fileID: 0}
  m_PrefabInternal: {fileID: 0}
  serializedVersion: 5
  m_Component:
  - component: {fileID: 576154328}
  - component: {fileID: 576154327}
  - component: {fileID: 576154326}
  m_Layer: 0
  m_Name: EventSystem
  m_TagString: Untagged
  m_Icon: {fileID: 0}
  m_NavMeshLayer: 0
  m_StaticEditorFlags: 0
  m_IsActive: 1
--- !u!114 &576154326
MonoBehaviour:
  m_ObjectHideFlags: 0
  m_PrefabParentObject: {fileID: 0}
  m_PrefabInternal: {fileID: 0}
  m_GameObject: {fileID: 576154325}
  m_Enabled: 1
  m_EditorHideFlags: 0
  m_Script: {fileID: 1077351063, guid: f5f67c52d1564df4a8936ccd202a3bd8, type: 3}
  m_Name: 
  m_EditorClassIdentifier: 
  m_HorizontalAxis: Horizontal
  m_VerticalAxis: Vertical
  m_SubmitButton: Submit
  m_CancelButton: Cancel
  m_InputActionsPerSecond: 10
  m_RepeatDelay: 0.5
  m_ForceModuleActive: 0
--- !u!114 &576154327
MonoBehaviour:
  m_ObjectHideFlags: 0
  m_PrefabParentObject: {fileID: 0}
  m_PrefabInternal: {fileID: 0}
  m_GameObject: {fileID: 576154325}
  m_Enabled: 1
  m_EditorHideFlags: 0
  m_Script: {fileID: -619905303, guid: f5f67c52d1564df4a8936ccd202a3bd8, type: 3}
  m_Name: 
  m_EditorClassIdentifier: 
  m_FirstSelected: {fileID: 0}
  m_sendNavigationEvents: 1
  m_DragThreshold: 5
--- !u!4 &576154328
Transform:
  m_ObjectHideFlags: 0
  m_PrefabParentObject: {fileID: 0}
  m_PrefabInternal: {fileID: 0}
  m_GameObject: {fileID: 576154325}
  m_LocalRotation: {x: 0, y: 0, z: 0, w: 1}
  m_LocalPosition: {x: 0, y: 0, z: 0}
  m_LocalScale: {x: 1, y: 1, z: 1}
  m_Children: []
  m_Father: {fileID: 0}
  m_RootOrder: 6
  m_LocalEulerAnglesHint: {x: 0, y: 0, z: 0}
--- !u!1 &689129787
GameObject:
  m_ObjectHideFlags: 0
  m_PrefabParentObject: {fileID: 100000, guid: 7f6a9cfbbc5218349aed7ccc86efb1ff, type: 3}
  m_PrefabInternal: {fileID: 560840698}
  serializedVersion: 5
  m_Component:
  - component: {fileID: 689129788}
  - component: {fileID: 689129790}
  - component: {fileID: 689129789}
  m_Layer: 0
  m_Name: BezierCircle
  m_TagString: Untagged
  m_Icon: {fileID: 0}
  m_NavMeshLayer: 0
  m_StaticEditorFlags: 0
  m_IsActive: 1
--- !u!4 &689129788
Transform:
  m_ObjectHideFlags: 0
  m_PrefabParentObject: {fileID: 400000, guid: 7f6a9cfbbc5218349aed7ccc86efb1ff, type: 3}
  m_PrefabInternal: {fileID: 560840698}
  m_GameObject: {fileID: 689129787}
  m_LocalRotation: {x: 0.00000001545431, y: -0.7071067, z: 0.000000015454308, w: 0.7071068}
  m_LocalPosition: {x: -3.923348, y: 1.9627901, z: 1.5417299}
  m_LocalScale: {x: 1.7446213, y: 1.6684028, z: 1.6684028}
  m_Children: []
  m_Father: {fileID: 2090943398}
  m_RootOrder: 0
  m_LocalEulerAnglesHint: {x: 0, y: 0, z: 0}
--- !u!23 &689129789
MeshRenderer:
  m_ObjectHideFlags: 0
  m_PrefabParentObject: {fileID: 2300000, guid: 7f6a9cfbbc5218349aed7ccc86efb1ff,
    type: 3}
  m_PrefabInternal: {fileID: 560840698}
  m_GameObject: {fileID: 689129787}
  m_Enabled: 1
  m_CastShadows: 1
  m_ReceiveShadows: 1
  m_DynamicOccludee: 1
  m_MotionVectors: 1
  m_LightProbeUsage: 1
  m_ReflectionProbeUsage: 1
  m_Materials:
  - {fileID: 2100004, guid: 7f6a9cfbbc5218349aed7ccc86efb1ff, type: 3}
  m_StaticBatchInfo:
    firstSubMesh: 0
    subMeshCount: 0
  m_StaticBatchRoot: {fileID: 0}
  m_ProbeAnchor: {fileID: 0}
  m_LightProbeVolumeOverride: {fileID: 0}
  m_ScaleInLightmap: 1
  m_PreserveUVs: 0
  m_IgnoreNormalsForChartDetection: 0
  m_ImportantGI: 0
  m_StitchLightmapSeams: 0
  m_SelectedEditorRenderState: 3
  m_MinimumChartSize: 4
  m_AutoUVMaxDistance: 0.5
  m_AutoUVMaxAngle: 89
  m_LightmapParameters: {fileID: 0}
  m_SortingLayerID: 0
  m_SortingLayer: 0
  m_SortingOrder: 0
--- !u!33 &689129790
MeshFilter:
  m_ObjectHideFlags: 0
  m_PrefabParentObject: {fileID: 3300000, guid: 7f6a9cfbbc5218349aed7ccc86efb1ff,
    type: 3}
  m_PrefabInternal: {fileID: 560840698}
  m_GameObject: {fileID: 689129787}
  m_Mesh: {fileID: 4300004, guid: 7f6a9cfbbc5218349aed7ccc86efb1ff, type: 3}
--- !u!1 &699271838
GameObject:
  m_ObjectHideFlags: 0
  m_PrefabParentObject: {fileID: 0}
  m_PrefabInternal: {fileID: 0}
  serializedVersion: 5
  m_Component:
  - component: {fileID: 699271840}
  - component: {fileID: 699271839}
  m_Layer: 0
  m_Name: Directional Light
  m_TagString: Untagged
  m_Icon: {fileID: 0}
  m_NavMeshLayer: 0
  m_StaticEditorFlags: 0
  m_IsActive: 1
--- !u!108 &699271839
Light:
  m_ObjectHideFlags: 0
  m_PrefabParentObject: {fileID: 0}
  m_PrefabInternal: {fileID: 0}
  m_GameObject: {fileID: 699271838}
  m_Enabled: 1
  serializedVersion: 8
  m_Type: 1
  m_Color: {r: 1, g: 0.95686275, b: 0.8392157, a: 1}
  m_Intensity: 1
  m_Range: 10
  m_SpotAngle: 30
  m_CookieSize: 10
  m_Shadows:
    m_Type: 2
    m_Resolution: -1
    m_CustomResolution: -1
    m_Strength: 1
    m_Bias: 0.05
    m_NormalBias: 0.4
    m_NearPlane: 0.2
  m_Cookie: {fileID: 0}
  m_DrawHalo: 0
  m_Flare: {fileID: 0}
  m_RenderMode: 0
  m_CullingMask:
    serializedVersion: 2
    m_Bits: 4294967295
  m_Lightmapping: 4
  m_AreaSize: {x: 1, y: 1}
  m_BounceIntensity: 1
  m_ColorTemperature: 6570
  m_UseColorTemperature: 0
  m_ShadowRadius: 0
  m_ShadowAngle: 0
--- !u!4 &699271840
Transform:
  m_ObjectHideFlags: 0
  m_PrefabParentObject: {fileID: 0}
  m_PrefabInternal: {fileID: 0}
  m_GameObject: {fileID: 699271838}
  m_LocalRotation: {x: 0.7646743, y: -0.2509525, z: 0.11279511, w: 0.5827293}
  m_LocalPosition: {x: -20.6, y: 8.24, z: -9.91}
  m_LocalScale: {x: 1, y: 1, z: 1}
  m_Children: []
  m_Father: {fileID: 1451224118}
  m_RootOrder: 1
  m_LocalEulerAnglesHint: {x: 71.407005, y: 202.103, z: 232.318}
--- !u!1 &797037931
GameObject:
  m_ObjectHideFlags: 0
  m_PrefabParentObject: {fileID: 100006, guid: 7f6a9cfbbc5218349aed7ccc86efb1ff, type: 3}
  m_PrefabInternal: {fileID: 560840698}
  serializedVersion: 5
  m_Component:
  - component: {fileID: 797037932}
  - component: {fileID: 797037934}
  - component: {fileID: 797037933}
  m_Layer: 0
  m_Name: Cube
  m_TagString: Untagged
  m_Icon: {fileID: 0}
  m_NavMeshLayer: 0
  m_StaticEditorFlags: 0
  m_IsActive: 1
--- !u!4 &797037932
Transform:
  m_ObjectHideFlags: 0
  m_PrefabParentObject: {fileID: 400006, guid: 7f6a9cfbbc5218349aed7ccc86efb1ff, type: 3}
  m_PrefabInternal: {fileID: 560840698}
  m_GameObject: {fileID: 797037931}
  m_LocalRotation: {x: -0.08715578, y: 0, z: -0, w: 0.9961947}
  m_LocalPosition: {x: -3.3737988, y: 2.053102, z: 3.4184537}
  m_LocalScale: {x: 0.189, y: 0.189, z: 0.189}
  m_Children: []
  m_Father: {fileID: 2090943398}
  m_RootOrder: 3
  m_LocalEulerAnglesHint: {x: 0, y: 0, z: 0}
--- !u!23 &797037933
MeshRenderer:
  m_ObjectHideFlags: 0
  m_PrefabParentObject: {fileID: 2300006, guid: 7f6a9cfbbc5218349aed7ccc86efb1ff,
    type: 3}
  m_PrefabInternal: {fileID: 560840698}
  m_GameObject: {fileID: 797037931}
  m_Enabled: 1
  m_CastShadows: 1
  m_ReceiveShadows: 1
  m_DynamicOccludee: 1
  m_MotionVectors: 1
  m_LightProbeUsage: 1
  m_ReflectionProbeUsage: 1
  m_Materials:
  - {fileID: 2100006, guid: 7f6a9cfbbc5218349aed7ccc86efb1ff, type: 3}
  m_StaticBatchInfo:
    firstSubMesh: 0
    subMeshCount: 0
  m_StaticBatchRoot: {fileID: 0}
  m_ProbeAnchor: {fileID: 0}
  m_LightProbeVolumeOverride: {fileID: 0}
  m_ScaleInLightmap: 1
  m_PreserveUVs: 0
  m_IgnoreNormalsForChartDetection: 0
  m_ImportantGI: 0
  m_StitchLightmapSeams: 0
  m_SelectedEditorRenderState: 3
  m_MinimumChartSize: 4
  m_AutoUVMaxDistance: 0.5
  m_AutoUVMaxAngle: 89
  m_LightmapParameters: {fileID: 0}
  m_SortingLayerID: 0
  m_SortingLayer: 0
  m_SortingOrder: 0
--- !u!33 &797037934
MeshFilter:
  m_ObjectHideFlags: 0
  m_PrefabParentObject: {fileID: 3300006, guid: 7f6a9cfbbc5218349aed7ccc86efb1ff,
    type: 3}
  m_PrefabInternal: {fileID: 560840698}
  m_GameObject: {fileID: 797037931}
  m_Mesh: {fileID: 4300028, guid: 7f6a9cfbbc5218349aed7ccc86efb1ff, type: 3}
--- !u!1 &841164934
GameObject:
  m_ObjectHideFlags: 0
  m_PrefabParentObject: {fileID: 100028, guid: 7f6a9cfbbc5218349aed7ccc86efb1ff, type: 3}
  m_PrefabInternal: {fileID: 560840698}
  serializedVersion: 5
  m_Component:
  - component: {fileID: 841164935}
  - component: {fileID: 841164937}
  - component: {fileID: 841164936}
  m_Layer: 0
  m_Name: Cylinder
  m_TagString: Untagged
  m_Icon: {fileID: 0}
  m_NavMeshLayer: 0
  m_StaticEditorFlags: 0
  m_IsActive: 1
--- !u!4 &841164935
Transform:
  m_ObjectHideFlags: 0
  m_PrefabParentObject: {fileID: 400028, guid: 7f6a9cfbbc5218349aed7ccc86efb1ff, type: 3}
  m_PrefabInternal: {fileID: 560840698}
  m_GameObject: {fileID: 841164934}
  m_LocalRotation: {x: 0.00000001545431, y: -0.7071067, z: 0.000000015454308, w: 0.7071068}
  m_LocalPosition: {x: -3.6209087, y: 1.9627901, z: 1.5417299}
  m_LocalScale: {x: 1.8563764, y: 1.7011179, z: 0.23001665}
  m_Children: []
  m_Father: {fileID: 2090943398}
  m_RootOrder: 14
  m_LocalEulerAnglesHint: {x: 0, y: 0, z: 0}
--- !u!23 &841164936
MeshRenderer:
  m_ObjectHideFlags: 0
  m_PrefabParentObject: {fileID: 2300028, guid: 7f6a9cfbbc5218349aed7ccc86efb1ff,
    type: 3}
  m_PrefabInternal: {fileID: 560840698}
  m_GameObject: {fileID: 841164934}
  m_Enabled: 1
  m_CastShadows: 1
  m_ReceiveShadows: 1
  m_DynamicOccludee: 1
  m_MotionVectors: 1
  m_LightProbeUsage: 1
  m_ReflectionProbeUsage: 1
  m_Materials:
  - {fileID: 2100008, guid: 7f6a9cfbbc5218349aed7ccc86efb1ff, type: 3}
  m_StaticBatchInfo:
    firstSubMesh: 0
    subMeshCount: 0
  m_StaticBatchRoot: {fileID: 0}
  m_ProbeAnchor: {fileID: 0}
  m_LightProbeVolumeOverride: {fileID: 0}
  m_ScaleInLightmap: 1
  m_PreserveUVs: 0
  m_IgnoreNormalsForChartDetection: 0
  m_ImportantGI: 0
  m_StitchLightmapSeams: 0
  m_SelectedEditorRenderState: 3
  m_MinimumChartSize: 4
  m_AutoUVMaxDistance: 0.5
  m_AutoUVMaxAngle: 89
  m_LightmapParameters: {fileID: 0}
  m_SortingLayerID: 0
  m_SortingLayer: 0
  m_SortingOrder: 0
--- !u!33 &841164937
MeshFilter:
  m_ObjectHideFlags: 0
  m_PrefabParentObject: {fileID: 3300028, guid: 7f6a9cfbbc5218349aed7ccc86efb1ff,
    type: 3}
  m_PrefabInternal: {fileID: 560840698}
  m_GameObject: {fileID: 841164934}
  m_Mesh: {fileID: 4300026, guid: 7f6a9cfbbc5218349aed7ccc86efb1ff, type: 3}
--- !u!1 &1066698905
GameObject:
  m_ObjectHideFlags: 0
  m_PrefabParentObject: {fileID: 0}
  m_PrefabInternal: {fileID: 0}
  serializedVersion: 5
  m_Component:
  - component: {fileID: 1066698909}
  - component: {fileID: 1066698908}
  - component: {fileID: 1066698907}
  - component: {fileID: 1066698906}
  m_Layer: 5
  m_Name: Canvas
  m_TagString: Untagged
  m_Icon: {fileID: 0}
  m_NavMeshLayer: 0
  m_StaticEditorFlags: 0
  m_IsActive: 1
--- !u!114 &1066698906
MonoBehaviour:
  m_ObjectHideFlags: 0
  m_PrefabParentObject: {fileID: 0}
  m_PrefabInternal: {fileID: 0}
  m_GameObject: {fileID: 1066698905}
  m_Enabled: 1
  m_EditorHideFlags: 0
  m_Script: {fileID: 1301386320, guid: f5f67c52d1564df4a8936ccd202a3bd8, type: 3}
  m_Name: 
  m_EditorClassIdentifier: 
  m_IgnoreReversedGraphics: 1
  m_BlockingObjects: 0
  m_BlockingMask:
    serializedVersion: 2
    m_Bits: 4294967295
--- !u!114 &1066698907
MonoBehaviour:
  m_ObjectHideFlags: 0
  m_PrefabParentObject: {fileID: 0}
  m_PrefabInternal: {fileID: 0}
  m_GameObject: {fileID: 1066698905}
  m_Enabled: 1
  m_EditorHideFlags: 0
  m_Script: {fileID: 1980459831, guid: f5f67c52d1564df4a8936ccd202a3bd8, type: 3}
  m_Name: 
  m_EditorClassIdentifier: 
  m_UiScaleMode: 0
  m_ReferencePixelsPerUnit: 100
  m_ScaleFactor: 1
  m_ReferenceResolution: {x: 800, y: 600}
  m_ScreenMatchMode: 0
  m_MatchWidthOrHeight: 0
  m_PhysicalUnit: 3
  m_FallbackScreenDPI: 96
  m_DefaultSpriteDPI: 96
  m_DynamicPixelsPerUnit: 1
--- !u!223 &1066698908
Canvas:
  m_ObjectHideFlags: 0
  m_PrefabParentObject: {fileID: 0}
  m_PrefabInternal: {fileID: 0}
  m_GameObject: {fileID: 1066698905}
  m_Enabled: 1
  serializedVersion: 3
  m_RenderMode: 0
  m_Camera: {fileID: 0}
  m_PlaneDistance: 100
  m_PixelPerfect: 0
  m_ReceivesEvents: 1
  m_OverrideSorting: 0
  m_OverridePixelPerfect: 0
  m_SortingBucketNormalizedSize: 0
  m_AdditionalShaderChannelsFlag: 0
  m_SortingLayerID: 0
  m_SortingOrder: 0
  m_TargetDisplay: 0
--- !u!224 &1066698909
RectTransform:
  m_ObjectHideFlags: 0
  m_PrefabParentObject: {fileID: 0}
  m_PrefabInternal: {fileID: 0}
  m_GameObject: {fileID: 1066698905}
  m_LocalRotation: {x: 0, y: 0, z: 0, w: 1}
  m_LocalPosition: {x: 0, y: 0, z: 0}
  m_LocalScale: {x: 0, y: 0, z: 0}
  m_Children:
  - {fileID: 1742376843}
  m_Father: {fileID: 0}
  m_RootOrder: 5
  m_LocalEulerAnglesHint: {x: 0, y: 0, z: 0}
  m_AnchorMin: {x: 0, y: 0}
  m_AnchorMax: {x: 0, y: 0}
  m_AnchoredPosition: {x: 0, y: 0}
  m_SizeDelta: {x: 0, y: 0}
  m_Pivot: {x: 0, y: 0}
--- !u!1001 &1079714855
Prefab:
  m_ObjectHideFlags: 0
  serializedVersion: 2
  m_Modification:
    m_TransformParent: {fileID: 0}
    m_Modifications:
    - target: {fileID: 400008, guid: 718693d3793fa7d45933e0fa67e1d51a, type: 3}
      propertyPath: m_LocalPosition.x
      value: -4.77
      objectReference: {fileID: 0}
    - target: {fileID: 400008, guid: 718693d3793fa7d45933e0fa67e1d51a, type: 3}
      propertyPath: m_LocalPosition.y
      value: 4.09
      objectReference: {fileID: 0}
    - target: {fileID: 400008, guid: 718693d3793fa7d45933e0fa67e1d51a, type: 3}
      propertyPath: m_LocalPosition.z
      value: 5.02
      objectReference: {fileID: 0}
    - target: {fileID: 400008, guid: 718693d3793fa7d45933e0fa67e1d51a, type: 3}
      propertyPath: m_LocalRotation.x
      value: 0
      objectReference: {fileID: 0}
    - target: {fileID: 400008, guid: 718693d3793fa7d45933e0fa67e1d51a, type: 3}
      propertyPath: m_LocalRotation.y
      value: 0
      objectReference: {fileID: 0}
    - target: {fileID: 400008, guid: 718693d3793fa7d45933e0fa67e1d51a, type: 3}
      propertyPath: m_LocalRotation.z
      value: 0
      objectReference: {fileID: 0}
    - target: {fileID: 400008, guid: 718693d3793fa7d45933e0fa67e1d51a, type: 3}
      propertyPath: m_LocalRotation.w
      value: 1
      objectReference: {fileID: 0}
    - target: {fileID: 400008, guid: 718693d3793fa7d45933e0fa67e1d51a, type: 3}
      propertyPath: m_RootOrder
      value: 1
      objectReference: {fileID: 0}
    m_RemovedComponents: []
  m_ParentPrefab: {fileID: 100100000, guid: 718693d3793fa7d45933e0fa67e1d51a, type: 3}
  m_IsPrefabParent: 0
--- !u!1 &1096858368
GameObject:
  m_ObjectHideFlags: 0
  m_PrefabParentObject: {fileID: 0}
  m_PrefabInternal: {fileID: 0}
  serializedVersion: 5
  m_Component:
  - component: {fileID: 1096858372}
  - component: {fileID: 1096858371}
  - component: {fileID: 1096858370}
  - component: {fileID: 1096858369}
  m_Layer: 0
  m_Name: Puzzle_Baigimas
  m_TagString: Untagged
  m_Icon: {fileID: 0}
  m_NavMeshLayer: 0
  m_StaticEditorFlags: 0
  m_IsActive: 1
--- !u!23 &1096858369
MeshRenderer:
  m_ObjectHideFlags: 0
  m_PrefabParentObject: {fileID: 0}
  m_PrefabInternal: {fileID: 0}
  m_GameObject: {fileID: 1096858368}
  m_Enabled: 1
  m_CastShadows: 1
  m_ReceiveShadows: 1
  m_DynamicOccludee: 1
  m_MotionVectors: 1
  m_LightProbeUsage: 1
  m_ReflectionProbeUsage: 1
  m_Materials:
  - {fileID: 2100000, guid: 19ecd44aafeb81a47baf26569256ab0c, type: 2}
  m_StaticBatchInfo:
    firstSubMesh: 0
    subMeshCount: 0
  m_StaticBatchRoot: {fileID: 0}
  m_ProbeAnchor: {fileID: 0}
  m_LightProbeVolumeOverride: {fileID: 0}
  m_ScaleInLightmap: 1
  m_PreserveUVs: 1
  m_IgnoreNormalsForChartDetection: 0
  m_ImportantGI: 0
  m_StitchLightmapSeams: 0
  m_SelectedEditorRenderState: 3
  m_MinimumChartSize: 4
  m_AutoUVMaxDistance: 0.5
  m_AutoUVMaxAngle: 89
  m_LightmapParameters: {fileID: 0}
  m_SortingLayerID: 0
  m_SortingLayer: 0
  m_SortingOrder: 0
--- !u!65 &1096858370
BoxCollider:
  m_ObjectHideFlags: 0
  m_PrefabParentObject: {fileID: 0}
  m_PrefabInternal: {fileID: 0}
  m_GameObject: {fileID: 1096858368}
  m_Material: {fileID: 0}
  m_IsTrigger: 0
  m_Enabled: 1
  serializedVersion: 2
  m_Size: {x: 1, y: 1, z: 1}
  m_Center: {x: 0, y: 0, z: 0}
--- !u!33 &1096858371
MeshFilter:
  m_ObjectHideFlags: 0
  m_PrefabParentObject: {fileID: 0}
  m_PrefabInternal: {fileID: 0}
  m_GameObject: {fileID: 1096858368}
  m_Mesh: {fileID: 10202, guid: 0000000000000000e000000000000000, type: 0}
--- !u!4 &1096858372
Transform:
  m_ObjectHideFlags: 0
  m_PrefabParentObject: {fileID: 0}
  m_PrefabInternal: {fileID: 0}
  m_GameObject: {fileID: 1096858368}
  m_LocalRotation: {x: 0, y: 0, z: 0, w: 1}
  m_LocalPosition: {x: -15.24, y: 1.24, z: -0.92902}
  m_LocalScale: {x: 1, y: 1.0162315, z: 6.8906045}
  m_Children: []
  m_Father: {fileID: 0}
  m_RootOrder: 4
  m_LocalEulerAnglesHint: {x: 0, y: 0, z: 0}
--- !u!1 &1167123550
GameObject:
  m_ObjectHideFlags: 0
  m_PrefabParentObject: {fileID: 0}
  m_PrefabInternal: {fileID: 0}
  serializedVersion: 5
  m_Component:
  - component: {fileID: 1167123554}
  - component: {fileID: 1167123553}
  - component: {fileID: 1167123552}
  - component: {fileID: 1167123551}
  m_Layer: 0
  m_Name: Plane
  m_TagString: Untagged
  m_Icon: {fileID: 0}
  m_NavMeshLayer: 0
  m_StaticEditorFlags: 0
  m_IsActive: 1
--- !u!23 &1167123551
MeshRenderer:
  m_ObjectHideFlags: 0
  m_PrefabParentObject: {fileID: 0}
  m_PrefabInternal: {fileID: 0}
  m_GameObject: {fileID: 1167123550}
  m_Enabled: 1
  m_CastShadows: 1
  m_ReceiveShadows: 1
  m_DynamicOccludee: 1
  m_MotionVectors: 1
  m_LightProbeUsage: 1
  m_ReflectionProbeUsage: 1
  m_Materials:
  - {fileID: 10303, guid: 0000000000000000f000000000000000, type: 0}
  m_StaticBatchInfo:
    firstSubMesh: 0
    subMeshCount: 0
  m_StaticBatchRoot: {fileID: 0}
  m_ProbeAnchor: {fileID: 0}
  m_LightProbeVolumeOverride: {fileID: 0}
  m_ScaleInLightmap: 1
  m_PreserveUVs: 1
  m_IgnoreNormalsForChartDetection: 0
  m_ImportantGI: 0
  m_StitchLightmapSeams: 0
  m_SelectedEditorRenderState: 3
  m_MinimumChartSize: 4
  m_AutoUVMaxDistance: 0.5
  m_AutoUVMaxAngle: 89
  m_LightmapParameters: {fileID: 0}
  m_SortingLayerID: 0
  m_SortingLayer: 0
  m_SortingOrder: 0
--- !u!64 &1167123552
MeshCollider:
  m_ObjectHideFlags: 0
  m_PrefabParentObject: {fileID: 0}
  m_PrefabInternal: {fileID: 0}
  m_GameObject: {fileID: 1167123550}
  m_Material: {fileID: 0}
  m_IsTrigger: 0
  m_Enabled: 1
  serializedVersion: 3
  m_Convex: 0
  m_CookingOptions: 14
  m_SkinWidth: 0.01
  m_Mesh: {fileID: 10209, guid: 0000000000000000e000000000000000, type: 0}
--- !u!33 &1167123553
MeshFilter:
  m_ObjectHideFlags: 0
  m_PrefabParentObject: {fileID: 0}
  m_PrefabInternal: {fileID: 0}
  m_GameObject: {fileID: 1167123550}
  m_Mesh: {fileID: 10209, guid: 0000000000000000e000000000000000, type: 0}
--- !u!4 &1167123554
Transform:
  m_ObjectHideFlags: 0
  m_PrefabParentObject: {fileID: 0}
  m_PrefabInternal: {fileID: 0}
  m_GameObject: {fileID: 1167123550}
  m_LocalRotation: {x: -0, y: -0, z: -0, w: 1}
  m_LocalPosition: {x: 0, y: 0, z: 0}
  m_LocalScale: {x: 5.058755, y: 1, z: 6.002564}
  m_Children: []
  m_Father: {fileID: 1451224118}
  m_RootOrder: 0
  m_LocalEulerAnglesHint: {x: 0, y: 0, z: 0}
--- !u!1 &1248995181
GameObject:
  m_ObjectHideFlags: 0
  m_PrefabParentObject: {fileID: 100012, guid: 7f6a9cfbbc5218349aed7ccc86efb1ff, type: 3}
  m_PrefabInternal: {fileID: 560840698}
  serializedVersion: 5
  m_Component:
  - component: {fileID: 1248995182}
  - component: {fileID: 1248995184}
  - component: {fileID: 1248995183}
  m_Layer: 0
  m_Name: Cube_003
  m_TagString: Untagged
  m_Icon: {fileID: 0}
  m_NavMeshLayer: 0
  m_StaticEditorFlags: 0
  m_IsActive: 1
--- !u!4 &1248995182
Transform:
  m_ObjectHideFlags: 0
  m_PrefabParentObject: {fileID: 400012, guid: 7f6a9cfbbc5218349aed7ccc86efb1ff, type: 3}
  m_PrefabInternal: {fileID: 560840698}
  m_GameObject: {fileID: 1248995181}
  m_LocalRotation: {x: -0.8660254, y: 0, z: -0, w: 0.5}
  m_LocalPosition: {x: -3.3737988, y: 3.6547234, z: 0.86624783}
  m_LocalScale: {x: 0.189, y: 0.189, z: 0.189}
  m_Children: []
  m_Father: {fileID: 2090943398}
  m_RootOrder: 6
  m_LocalEulerAnglesHint: {x: 0, y: 0, z: 0}
--- !u!23 &1248995183
MeshRenderer:
  m_ObjectHideFlags: 0
  m_PrefabParentObject: {fileID: 2300012, guid: 7f6a9cfbbc5218349aed7ccc86efb1ff,
    type: 3}
  m_PrefabInternal: {fileID: 560840698}
  m_GameObject: {fileID: 1248995181}
  m_Enabled: 1
  m_CastShadows: 1
  m_ReceiveShadows: 1
  m_DynamicOccludee: 1
  m_MotionVectors: 1
  m_LightProbeUsage: 1
  m_ReflectionProbeUsage: 1
  m_Materials:
  - {fileID: 2100006, guid: 7f6a9cfbbc5218349aed7ccc86efb1ff, type: 3}
  m_StaticBatchInfo:
    firstSubMesh: 0
    subMeshCount: 0
  m_StaticBatchRoot: {fileID: 0}
  m_ProbeAnchor: {fileID: 0}
  m_LightProbeVolumeOverride: {fileID: 0}
  m_ScaleInLightmap: 1
  m_PreserveUVs: 0
  m_IgnoreNormalsForChartDetection: 0
  m_ImportantGI: 0
  m_StitchLightmapSeams: 0
  m_SelectedEditorRenderState: 3
  m_MinimumChartSize: 4
  m_AutoUVMaxDistance: 0.5
  m_AutoUVMaxAngle: 89
  m_LightmapParameters: {fileID: 0}
  m_SortingLayerID: 0
  m_SortingLayer: 0
  m_SortingOrder: 0
--- !u!33 &1248995184
MeshFilter:
  m_ObjectHideFlags: 0
  m_PrefabParentObject: {fileID: 3300012, guid: 7f6a9cfbbc5218349aed7ccc86efb1ff,
    type: 3}
  m_PrefabInternal: {fileID: 560840698}
  m_GameObject: {fileID: 1248995181}
  m_Mesh: {fileID: 4300020, guid: 7f6a9cfbbc5218349aed7ccc86efb1ff, type: 3}
--- !u!1 &1268733640
GameObject:
  m_ObjectHideFlags: 0
  m_PrefabParentObject: {fileID: 100020, guid: 7f6a9cfbbc5218349aed7ccc86efb1ff, type: 3}
  m_PrefabInternal: {fileID: 560840698}
  serializedVersion: 5
  m_Component:
  - component: {fileID: 1268733641}
  - component: {fileID: 1268733643}
  - component: {fileID: 1268733642}
  m_Layer: 0
  m_Name: Cube_007
  m_TagString: Untagged
  m_Icon: {fileID: 0}
  m_NavMeshLayer: 0
  m_StaticEditorFlags: 0
  m_IsActive: 1
--- !u!4 &1268733641
Transform:
  m_ObjectHideFlags: 0
  m_PrefabParentObject: {fileID: 400020, guid: 7f6a9cfbbc5218349aed7ccc86efb1ff, type: 3}
  m_PrefabInternal: {fileID: 560840698}
  m_GameObject: {fileID: 1268733640}
  m_LocalRotation: {x: 0.8660254, y: 0, z: 0, w: 0.50000006}
  m_LocalPosition: {x: -3.3737988, y: 0.5107627, z: 0.4189973}
  m_LocalScale: {x: 0.189, y: 0.189, z: 0.189}
  m_Children: []
  m_Father: {fileID: 2090943398}
  m_RootOrder: 10
  m_LocalEulerAnglesHint: {x: 0, y: 0, z: 0}
--- !u!23 &1268733642
MeshRenderer:
  m_ObjectHideFlags: 0
  m_PrefabParentObject: {fileID: 2300020, guid: 7f6a9cfbbc5218349aed7ccc86efb1ff,
    type: 3}
  m_PrefabInternal: {fileID: 560840698}
  m_GameObject: {fileID: 1268733640}
  m_Enabled: 1
  m_CastShadows: 1
  m_ReceiveShadows: 1
  m_DynamicOccludee: 1
  m_MotionVectors: 1
  m_LightProbeUsage: 1
  m_ReflectionProbeUsage: 1
  m_Materials:
  - {fileID: 2100006, guid: 7f6a9cfbbc5218349aed7ccc86efb1ff, type: 3}
  m_StaticBatchInfo:
    firstSubMesh: 0
    subMeshCount: 0
  m_StaticBatchRoot: {fileID: 0}
  m_ProbeAnchor: {fileID: 0}
  m_LightProbeVolumeOverride: {fileID: 0}
  m_ScaleInLightmap: 1
  m_PreserveUVs: 0
  m_IgnoreNormalsForChartDetection: 0
  m_ImportantGI: 0
  m_StitchLightmapSeams: 0
  m_SelectedEditorRenderState: 3
  m_MinimumChartSize: 4
  m_AutoUVMaxDistance: 0.5
  m_AutoUVMaxAngle: 89
  m_LightmapParameters: {fileID: 0}
  m_SortingLayerID: 0
  m_SortingLayer: 0
  m_SortingOrder: 0
--- !u!33 &1268733643
MeshFilter:
  m_ObjectHideFlags: 0
  m_PrefabParentObject: {fileID: 3300020, guid: 7f6a9cfbbc5218349aed7ccc86efb1ff,
    type: 3}
  m_PrefabInternal: {fileID: 560840698}
  m_GameObject: {fileID: 1268733640}
  m_Mesh: {fileID: 4300012, guid: 7f6a9cfbbc5218349aed7ccc86efb1ff, type: 3}
--- !u!1 &1316844825
GameObject:
  m_ObjectHideFlags: 0
  m_PrefabParentObject: {fileID: 0}
  m_PrefabInternal: {fileID: 0}
  serializedVersion: 5
  m_Component:
  - component: {fileID: 1316844826}
  - component: {fileID: 1316844831}
  - component: {fileID: 1316844830}
  - component: {fileID: 1316844829}
  - component: {fileID: 1316844828}
  - component: {fileID: 1316844827}
  m_Layer: 0
  m_Name: Puzzle_Uzduotis (1)
  m_TagString: Untagged
  m_Icon: {fileID: 0}
  m_NavMeshLayer: 0
  m_StaticEditorFlags: 0
  m_IsActive: 1
--- !u!4 &1316844826
Transform:
  m_ObjectHideFlags: 0
  m_PrefabParentObject: {fileID: 0}
  m_PrefabInternal: {fileID: 0}
  m_GameObject: {fileID: 1316844825}
  m_LocalRotation: {x: -0, y: -0, z: -0, w: 1}
  m_LocalPosition: {x: -2.5760138, y: 0.15, z: 14.75}
  m_LocalScale: {x: 4.9281106, y: 0.23581305, z: 5.112466}
  m_Children: []
  m_Father: {fileID: 1785780122}
  m_RootOrder: 1
  m_LocalEulerAnglesHint: {x: 0, y: 0, z: 0}
--- !u!114 &1316844827
MonoBehaviour:
  m_ObjectHideFlags: 0
  m_PrefabParentObject: {fileID: 0}
  m_PrefabInternal: {fileID: 0}
  m_GameObject: {fileID: 1316844825}
  m_Enabled: 1
  m_EditorHideFlags: 0
  m_Script: {fileID: 11500000, guid: 587d63ee8856f094eb1fd1f93aac0a8a, type: 3}
  m_Name: 
  m_EditorClassIdentifier: 
  puzzleCompleted: 0
  type: 0
  puzzleSolver: {fileID: 1744047253}
  lightObjects: []
  switchObject: []
--- !u!65 &1316844828
BoxCollider:
  m_ObjectHideFlags: 0
  m_PrefabParentObject: {fileID: 0}
  m_PrefabInternal: {fileID: 0}
  m_GameObject: {fileID: 1316844825}
  m_Material: {fileID: 0}
  m_IsTrigger: 1
  m_Enabled: 1
  serializedVersion: 2
  m_Size: {x: 1, y: 4.4292884, z: 1}
  m_Center: {x: 0, y: 1.7146446, z: 0}
--- !u!23 &1316844829
MeshRenderer:
  m_ObjectHideFlags: 0
  m_PrefabParentObject: {fileID: 0}
  m_PrefabInternal: {fileID: 0}
  m_GameObject: {fileID: 1316844825}
  m_Enabled: 1
  m_CastShadows: 1
  m_ReceiveShadows: 1
  m_DynamicOccludee: 1
  m_MotionVectors: 1
  m_LightProbeUsage: 1
  m_ReflectionProbeUsage: 1
  m_Materials:
  - {fileID: 2100000, guid: 8f83876d8846fed49963ffc81cd44025, type: 2}
  m_StaticBatchInfo:
    firstSubMesh: 0
    subMeshCount: 0
  m_StaticBatchRoot: {fileID: 0}
  m_ProbeAnchor: {fileID: 0}
  m_LightProbeVolumeOverride: {fileID: 0}
  m_ScaleInLightmap: 1
  m_PreserveUVs: 1
  m_IgnoreNormalsForChartDetection: 0
  m_ImportantGI: 0
  m_StitchLightmapSeams: 0
  m_SelectedEditorRenderState: 3
  m_MinimumChartSize: 4
  m_AutoUVMaxDistance: 0.5
  m_AutoUVMaxAngle: 89
  m_LightmapParameters: {fileID: 0}
  m_SortingLayerID: 0
  m_SortingLayer: 0
  m_SortingOrder: 0
--- !u!65 &1316844830
BoxCollider:
  m_ObjectHideFlags: 0
  m_PrefabParentObject: {fileID: 0}
  m_PrefabInternal: {fileID: 0}
  m_GameObject: {fileID: 1316844825}
  m_Material: {fileID: 0}
  m_IsTrigger: 0
  m_Enabled: 1
  serializedVersion: 2
  m_Size: {x: 1, y: 1, z: 1}
  m_Center: {x: 0, y: 0, z: 0}
--- !u!33 &1316844831
MeshFilter:
  m_ObjectHideFlags: 0
  m_PrefabParentObject: {fileID: 0}
  m_PrefabInternal: {fileID: 0}
  m_GameObject: {fileID: 1316844825}
  m_Mesh: {fileID: 10202, guid: 0000000000000000e000000000000000, type: 0}
--- !u!1 &1394581967
GameObject:
  m_ObjectHideFlags: 0
  m_PrefabParentObject: {fileID: 100010, guid: 7f6a9cfbbc5218349aed7ccc86efb1ff, type: 3}
  m_PrefabInternal: {fileID: 560840698}
  serializedVersion: 5
  m_Component:
  - component: {fileID: 1394581968}
  - component: {fileID: 1394581970}
  - component: {fileID: 1394581969}
  m_Layer: 0
  m_Name: Cube_002
  m_TagString: Untagged
  m_Icon: {fileID: 0}
  m_NavMeshLayer: 0
  m_StaticEditorFlags: 0
  m_IsActive: 1
--- !u!4 &1394581968
Transform:
  m_ObjectHideFlags: 0
  m_PrefabParentObject: {fileID: 400010, guid: 7f6a9cfbbc5218349aed7ccc86efb1ff, type: 3}
  m_PrefabInternal: {fileID: 560840698}
  m_GameObject: {fileID: 1394581967}
  m_LocalRotation: {x: -0.6427877, y: 0, z: -0, w: 0.76604444}
  m_LocalPosition: {x: -3.3738, y: 3.6526277, z: 2.1177971}
  m_LocalScale: {x: 0.18938988, y: 0.18938987, z: 0.18938987}
  m_Children: []
  m_Father: {fileID: 2090943398}
  m_RootOrder: 5
  m_LocalEulerAnglesHint: {x: 0, y: 0, z: 0}
--- !u!23 &1394581969
MeshRenderer:
  m_ObjectHideFlags: 0
  m_PrefabParentObject: {fileID: 2300010, guid: 7f6a9cfbbc5218349aed7ccc86efb1ff,
    type: 3}
  m_PrefabInternal: {fileID: 560840698}
  m_GameObject: {fileID: 1394581967}
  m_Enabled: 1
  m_CastShadows: 1
  m_ReceiveShadows: 1
  m_DynamicOccludee: 1
  m_MotionVectors: 1
  m_LightProbeUsage: 1
  m_ReflectionProbeUsage: 1
  m_Materials:
  - {fileID: 2100006, guid: 7f6a9cfbbc5218349aed7ccc86efb1ff, type: 3}
  m_StaticBatchInfo:
    firstSubMesh: 0
    subMeshCount: 0
  m_StaticBatchRoot: {fileID: 0}
  m_ProbeAnchor: {fileID: 0}
  m_LightProbeVolumeOverride: {fileID: 0}
  m_ScaleInLightmap: 1
  m_PreserveUVs: 0
  m_IgnoreNormalsForChartDetection: 0
  m_ImportantGI: 0
  m_StitchLightmapSeams: 0
  m_SelectedEditorRenderState: 3
  m_MinimumChartSize: 4
  m_AutoUVMaxDistance: 0.5
  m_AutoUVMaxAngle: 89
  m_LightmapParameters: {fileID: 0}
  m_SortingLayerID: 0
  m_SortingLayer: 0
  m_SortingOrder: 0
--- !u!33 &1394581970
MeshFilter:
  m_ObjectHideFlags: 0
  m_PrefabParentObject: {fileID: 3300010, guid: 7f6a9cfbbc5218349aed7ccc86efb1ff,
    type: 3}
  m_PrefabInternal: {fileID: 560840698}
  m_GameObject: {fileID: 1394581967}
  m_Mesh: {fileID: 4300022, guid: 7f6a9cfbbc5218349aed7ccc86efb1ff, type: 3}
--- !u!1 &1451224117
GameObject:
  m_ObjectHideFlags: 0
  m_PrefabParentObject: {fileID: 0}
  m_PrefabInternal: {fileID: 0}
  serializedVersion: 5
  m_Component:
  - component: {fileID: 1451224118}
  m_Layer: 0
  m_Name: Objektai
  m_TagString: Untagged
  m_Icon: {fileID: 0}
  m_NavMeshLayer: 0
  m_StaticEditorFlags: 0
  m_IsActive: 1
--- !u!4 &1451224118
Transform:
  m_ObjectHideFlags: 0
  m_PrefabParentObject: {fileID: 0}
  m_PrefabInternal: {fileID: 0}
  m_GameObject: {fileID: 1451224117}
  m_LocalRotation: {x: 0, y: 0, z: 0, w: 1}
  m_LocalPosition: {x: 0, y: 0, z: 0}
  m_LocalScale: {x: 1, y: 1, z: 1}
  m_Children:
  - {fileID: 1167123554}
  - {fileID: 699271840}
  m_Father: {fileID: 0}
  m_RootOrder: 7
  m_LocalEulerAnglesHint: {x: 0, y: 0, z: 0}
--- !u!1 &1512837181
GameObject:
  m_ObjectHideFlags: 0
  m_PrefabParentObject: {fileID: 100002, guid: 7f6a9cfbbc5218349aed7ccc86efb1ff, type: 3}
  m_PrefabInternal: {fileID: 560840698}
  serializedVersion: 5
  m_Component:
  - component: {fileID: 1512837182}
  - component: {fileID: 1512837184}
  - component: {fileID: 1512837183}
  m_Layer: 0
  m_Name: BezierCircle_001
  m_TagString: Untagged
  m_Icon: {fileID: 0}
  m_NavMeshLayer: 0
  m_StaticEditorFlags: 0
  m_IsActive: 1
--- !u!4 &1512837182
Transform:
  m_ObjectHideFlags: 0
  m_PrefabParentObject: {fileID: 400002, guid: 7f6a9cfbbc5218349aed7ccc86efb1ff, type: 3}
  m_PrefabInternal: {fileID: 560840698}
  m_GameObject: {fileID: 1512837181}
  m_LocalRotation: {x: 0.000000015454312, y: -0.7071067, z: 0.00000001545431, w: 0.7071068}
  m_LocalPosition: {x: -3.639621, y: 1.9627901, z: 1.5417299}
  m_LocalScale: {x: 1.9368509, y: 1.8792348, z: 1.8792348}
  m_Children: []
  m_Father: {fileID: 2090943398}
  m_RootOrder: 1
  m_LocalEulerAnglesHint: {x: 0, y: 0, z: 0}
--- !u!23 &1512837183
MeshRenderer:
  m_ObjectHideFlags: 0
  m_PrefabParentObject: {fileID: 2300002, guid: 7f6a9cfbbc5218349aed7ccc86efb1ff,
    type: 3}
  m_PrefabInternal: {fileID: 560840698}
  m_GameObject: {fileID: 1512837181}
  m_Enabled: 1
  m_CastShadows: 1
  m_ReceiveShadows: 1
  m_DynamicOccludee: 1
  m_MotionVectors: 1
  m_LightProbeUsage: 1
  m_ReflectionProbeUsage: 1
  m_Materials:
  - {fileID: 2100002, guid: 7f6a9cfbbc5218349aed7ccc86efb1ff, type: 3}
  m_StaticBatchInfo:
    firstSubMesh: 0
    subMeshCount: 0
  m_StaticBatchRoot: {fileID: 0}
  m_ProbeAnchor: {fileID: 0}
  m_LightProbeVolumeOverride: {fileID: 0}
  m_ScaleInLightmap: 1
  m_PreserveUVs: 0
  m_IgnoreNormalsForChartDetection: 0
  m_ImportantGI: 0
  m_StitchLightmapSeams: 0
  m_SelectedEditorRenderState: 3
  m_MinimumChartSize: 4
  m_AutoUVMaxDistance: 0.5
  m_AutoUVMaxAngle: 89
  m_LightmapParameters: {fileID: 0}
  m_SortingLayerID: 0
  m_SortingLayer: 0
  m_SortingOrder: 0
--- !u!33 &1512837184
MeshFilter:
  m_ObjectHideFlags: 0
  m_PrefabParentObject: {fileID: 3300002, guid: 7f6a9cfbbc5218349aed7ccc86efb1ff,
    type: 3}
  m_PrefabInternal: {fileID: 560840698}
  m_GameObject: {fileID: 1512837181}
  m_Mesh: {fileID: 4300002, guid: 7f6a9cfbbc5218349aed7ccc86efb1ff, type: 3}
--- !u!1 &1533563783
GameObject:
  m_ObjectHideFlags: 0
  m_PrefabParentObject: {fileID: 100018, guid: 7f6a9cfbbc5218349aed7ccc86efb1ff, type: 3}
  m_PrefabInternal: {fileID: 560840698}
  serializedVersion: 5
  m_Component:
  - component: {fileID: 1533563784}
  - component: {fileID: 1533563786}
  - component: {fileID: 1533563785}
  m_Layer: 0
  m_Name: Cube_006
  m_TagString: Untagged
  m_Icon: {fileID: 0}
  m_NavMeshLayer: 0
  m_StaticEditorFlags: 0
  m_IsActive: 1
--- !u!4 &1533563784
Transform:
  m_ObjectHideFlags: 0
  m_PrefabParentObject: {fileID: 400018, guid: 7f6a9cfbbc5218349aed7ccc86efb1ff, type: 3}
  m_PrefabInternal: {fileID: 560840698}
  m_GameObject: {fileID: 1533563783}
  m_LocalRotation: {x: 0.9659258, y: -0, z: 0, w: 0.25881916}
  m_LocalPosition: {x: -3.3737988, y: 1.2494025, z: -0.19575036}
  m_LocalScale: {x: 0.189, y: 0.189, z: 0.189}
  m_Children: []
  m_Father: {fileID: 2090943398}
  m_RootOrder: 9
  m_LocalEulerAnglesHint: {x: 0, y: 0, z: 0}
--- !u!23 &1533563785
MeshRenderer:
  m_ObjectHideFlags: 0
  m_PrefabParentObject: {fileID: 2300018, guid: 7f6a9cfbbc5218349aed7ccc86efb1ff,
    type: 3}
  m_PrefabInternal: {fileID: 560840698}
  m_GameObject: {fileID: 1533563783}
  m_Enabled: 1
  m_CastShadows: 1
  m_ReceiveShadows: 1
  m_DynamicOccludee: 1
  m_MotionVectors: 1
  m_LightProbeUsage: 1
  m_ReflectionProbeUsage: 1
  m_Materials:
  - {fileID: 2100006, guid: 7f6a9cfbbc5218349aed7ccc86efb1ff, type: 3}
  m_StaticBatchInfo:
    firstSubMesh: 0
    subMeshCount: 0
  m_StaticBatchRoot: {fileID: 0}
  m_ProbeAnchor: {fileID: 0}
  m_LightProbeVolumeOverride: {fileID: 0}
  m_ScaleInLightmap: 1
  m_PreserveUVs: 0
  m_IgnoreNormalsForChartDetection: 0
  m_ImportantGI: 0
  m_StitchLightmapSeams: 0
  m_SelectedEditorRenderState: 3
  m_MinimumChartSize: 4
  m_AutoUVMaxDistance: 0.5
  m_AutoUVMaxAngle: 89
  m_LightmapParameters: {fileID: 0}
  m_SortingLayerID: 0
  m_SortingLayer: 0
  m_SortingOrder: 0
--- !u!33 &1533563786
MeshFilter:
  m_ObjectHideFlags: 0
  m_PrefabParentObject: {fileID: 3300018, guid: 7f6a9cfbbc5218349aed7ccc86efb1ff,
    type: 3}
  m_PrefabInternal: {fileID: 560840698}
  m_GameObject: {fileID: 1533563783}
  m_Mesh: {fileID: 4300014, guid: 7f6a9cfbbc5218349aed7ccc86efb1ff, type: 3}
--- !u!1 &1624450380
GameObject:
  m_ObjectHideFlags: 0
  m_PrefabParentObject: {fileID: 100022, guid: 7f6a9cfbbc5218349aed7ccc86efb1ff, type: 3}
  m_PrefabInternal: {fileID: 560840698}
  serializedVersion: 5
  m_Component:
  - component: {fileID: 1624450381}
  - component: {fileID: 1624450383}
  - component: {fileID: 1624450382}
  m_Layer: 0
  m_Name: Cube_008
  m_TagString: Untagged
  m_Icon: {fileID: 0}
  m_NavMeshLayer: 0
  m_StaticEditorFlags: 0
  m_IsActive: 1
--- !u!4 &1624450381
Transform:
  m_ObjectHideFlags: 0
  m_PrefabParentObject: {fileID: 400022, guid: 7f6a9cfbbc5218349aed7ccc86efb1ff, type: 3}
  m_PrefabInternal: {fileID: 560840698}
  m_GameObject: {fileID: 1624450380}
  m_LocalRotation: {x: 0.7071068, y: -0, z: -0, w: 0.7071068}
  m_LocalPosition: {x: -3.3737988, y: 0.18250261, z: 1.4407227}
  m_LocalScale: {x: 0.189, y: 0.189, z: 0.189}
  m_Children: []
  m_Father: {fileID: 2090943398}
  m_RootOrder: 11
  m_LocalEulerAnglesHint: {x: 0, y: 0, z: 0}
--- !u!23 &1624450382
MeshRenderer:
  m_ObjectHideFlags: 0
  m_PrefabParentObject: {fileID: 2300022, guid: 7f6a9cfbbc5218349aed7ccc86efb1ff,
    type: 3}
  m_PrefabInternal: {fileID: 560840698}
  m_GameObject: {fileID: 1624450380}
  m_Enabled: 1
  m_CastShadows: 1
  m_ReceiveShadows: 1
  m_DynamicOccludee: 1
  m_MotionVectors: 1
  m_LightProbeUsage: 1
  m_ReflectionProbeUsage: 1
  m_Materials:
  - {fileID: 2100006, guid: 7f6a9cfbbc5218349aed7ccc86efb1ff, type: 3}
  m_StaticBatchInfo:
    firstSubMesh: 0
    subMeshCount: 0
  m_StaticBatchRoot: {fileID: 0}
  m_ProbeAnchor: {fileID: 0}
  m_LightProbeVolumeOverride: {fileID: 0}
  m_ScaleInLightmap: 1
  m_PreserveUVs: 0
  m_IgnoreNormalsForChartDetection: 0
  m_ImportantGI: 0
  m_StitchLightmapSeams: 0
  m_SelectedEditorRenderState: 3
  m_MinimumChartSize: 4
  m_AutoUVMaxDistance: 0.5
  m_AutoUVMaxAngle: 89
  m_LightmapParameters: {fileID: 0}
  m_SortingLayerID: 0
  m_SortingLayer: 0
  m_SortingOrder: 0
--- !u!33 &1624450383
MeshFilter:
  m_ObjectHideFlags: 0
  m_PrefabParentObject: {fileID: 3300022, guid: 7f6a9cfbbc5218349aed7ccc86efb1ff,
    type: 3}
  m_PrefabInternal: {fileID: 560840698}
  m_GameObject: {fileID: 1624450380}
  m_Mesh: {fileID: 4300010, guid: 7f6a9cfbbc5218349aed7ccc86efb1ff, type: 3}
--- !u!1 &1736131650
GameObject:
  m_ObjectHideFlags: 0
  m_PrefabParentObject: {fileID: 0}
  m_PrefabInternal: {fileID: 0}
  serializedVersion: 5
  m_Component:
  - component: {fileID: 1736131656}
  - component: {fileID: 1736131655}
  - component: {fileID: 1736131654}
  - component: {fileID: 1736131653}
  - component: {fileID: 1736131651}
  - component: {fileID: 1736131652}
  m_Layer: 0
  m_Name: Puzzle_Uzduotis
  m_TagString: Untagged
  m_Icon: {fileID: 0}
  m_NavMeshLayer: 0
  m_StaticEditorFlags: 0
  m_IsActive: 1
--- !u!65 &1736131651
BoxCollider:
  m_ObjectHideFlags: 0
  m_PrefabParentObject: {fileID: 0}
  m_PrefabInternal: {fileID: 0}
  m_GameObject: {fileID: 1736131650}
  m_Material: {fileID: 0}
  m_IsTrigger: 1
  m_Enabled: 1
  serializedVersion: 2
  m_Size: {x: 1, y: 4.4292884, z: 1}
  m_Center: {x: 0, y: 1.7146446, z: 0}
--- !u!114 &1736131652
MonoBehaviour:
  m_ObjectHideFlags: 0
  m_PrefabParentObject: {fileID: 0}
  m_PrefabInternal: {fileID: 0}
  m_GameObject: {fileID: 1736131650}
  m_Enabled: 1
  m_EditorHideFlags: 0
  m_Script: {fileID: 11500000, guid: 587d63ee8856f094eb1fd1f93aac0a8a, type: 3}
  m_Name: 
  m_EditorClassIdentifier: 
  puzzleCompleted: 0
  type: 0
  puzzleSolver: {fileID: 545570940}
  lightObjects: []
  switchObject: []
--- !u!23 &1736131653
MeshRenderer:
  m_ObjectHideFlags: 0
  m_PrefabParentObject: {fileID: 0}
  m_PrefabInternal: {fileID: 0}
  m_GameObject: {fileID: 1736131650}
  m_Enabled: 1
  m_CastShadows: 1
  m_ReceiveShadows: 1
  m_DynamicOccludee: 1
  m_MotionVectors: 1
  m_LightProbeUsage: 1
  m_ReflectionProbeUsage: 1
  m_Materials:
  - {fileID: 2100000, guid: f41653ee97977be47b71d77bc27ac381, type: 2}
  m_StaticBatchInfo:
    firstSubMesh: 0
    subMeshCount: 0
  m_StaticBatchRoot: {fileID: 0}
  m_ProbeAnchor: {fileID: 0}
  m_LightProbeVolumeOverride: {fileID: 0}
  m_ScaleInLightmap: 1
  m_PreserveUVs: 1
  m_IgnoreNormalsForChartDetection: 0
  m_ImportantGI: 0
  m_StitchLightmapSeams: 0
  m_SelectedEditorRenderState: 3
  m_MinimumChartSize: 4
  m_AutoUVMaxDistance: 0.5
  m_AutoUVMaxAngle: 89
  m_LightmapParameters: {fileID: 0}
  m_SortingLayerID: 0
  m_SortingLayer: 0
  m_SortingOrder: 0
--- !u!65 &1736131654
BoxCollider:
  m_ObjectHideFlags: 0
  m_PrefabParentObject: {fileID: 0}
  m_PrefabInternal: {fileID: 0}
  m_GameObject: {fileID: 1736131650}
  m_Material: {fileID: 0}
  m_IsTrigger: 0
  m_Enabled: 1
  serializedVersion: 2
  m_Size: {x: 1, y: 1, z: 1}
  m_Center: {x: 0, y: 0, z: 0}
--- !u!33 &1736131655
MeshFilter:
  m_ObjectHideFlags: 0
  m_PrefabParentObject: {fileID: 0}
  m_PrefabInternal: {fileID: 0}
  m_GameObject: {fileID: 1736131650}
  m_Mesh: {fileID: 10202, guid: 0000000000000000e000000000000000, type: 0}
--- !u!4 &1736131656
Transform:
  m_ObjectHideFlags: 0
  m_PrefabParentObject: {fileID: 0}
  m_PrefabInternal: {fileID: 0}
  m_GameObject: {fileID: 1736131650}
  m_LocalRotation: {x: -0, y: -0, z: -0, w: 1}
  m_LocalPosition: {x: -2.5760138, y: 0.15, z: -1.07}
  m_LocalScale: {x: 4.9281106, y: 0.23581305, z: 5.112466}
  m_Children: []
  m_Father: {fileID: 1785780122}
  m_RootOrder: 0
  m_LocalEulerAnglesHint: {x: 0, y: 0, z: 0}
--- !u!1 &1742376842
GameObject:
  m_ObjectHideFlags: 0
  m_PrefabParentObject: {fileID: 0}
  m_PrefabInternal: {fileID: 0}
  serializedVersion: 5
  m_Component:
  - component: {fileID: 1742376843}
  - component: {fileID: 1742376845}
  - component: {fileID: 1742376844}
  m_Layer: 5
  m_Name: Image
  m_TagString: Untagged
  m_Icon: {fileID: 0}
  m_NavMeshLayer: 0
  m_StaticEditorFlags: 0
  m_IsActive: 1
--- !u!224 &1742376843
RectTransform:
  m_ObjectHideFlags: 0
  m_PrefabParentObject: {fileID: 0}
  m_PrefabInternal: {fileID: 0}
  m_GameObject: {fileID: 1742376842}
  m_LocalRotation: {x: 0, y: 0, z: 0, w: 1}
  m_LocalPosition: {x: 0, y: 0, z: 0}
  m_LocalScale: {x: 1, y: 1, z: 1}
  m_Children: []
  m_Father: {fileID: 1066698909}
  m_RootOrder: 0
  m_LocalEulerAnglesHint: {x: 0, y: 0, z: 0}
  m_AnchorMin: {x: 0.496226, y: 0.4916387}
  m_AnchorMax: {x: 0.503774, y: 0.5083194}
  m_AnchoredPosition: {x: 0, y: 0}
  m_SizeDelta: {x: 0, y: 0}
  m_Pivot: {x: 0.5, y: 0.5}
--- !u!114 &1742376844
MonoBehaviour:
  m_ObjectHideFlags: 0
  m_PrefabParentObject: {fileID: 0}
  m_PrefabInternal: {fileID: 0}
  m_GameObject: {fileID: 1742376842}
  m_Enabled: 1
  m_EditorHideFlags: 0
  m_Script: {fileID: -765806418, guid: f5f67c52d1564df4a8936ccd202a3bd8, type: 3}
  m_Name: 
  m_EditorClassIdentifier: 
  m_Material: {fileID: 0}
  m_Color: {r: 1, g: 0, b: 0, a: 1}
  m_RaycastTarget: 1
  m_OnCullStateChanged:
    m_PersistentCalls:
      m_Calls: []
    m_TypeName: UnityEngine.UI.MaskableGraphic+CullStateChangedEvent, UnityEngine.UI,
      Version=1.0.0.0, Culture=neutral, PublicKeyToken=null
  m_Sprite: {fileID: 10913, guid: 0000000000000000f000000000000000, type: 0}
  m_Type: 0
  m_PreserveAspect: 0
  m_FillCenter: 1
  m_FillMethod: 4
  m_FillAmount: 1
  m_FillClockwise: 1
  m_FillOrigin: 0
--- !u!222 &1742376845
CanvasRenderer:
  m_ObjectHideFlags: 0
  m_PrefabParentObject: {fileID: 0}
  m_PrefabInternal: {fileID: 0}
  m_GameObject: {fileID: 1742376842}
--- !u!1 &1744047253
GameObject:
  m_ObjectHideFlags: 0
  m_PrefabParentObject: {fileID: 0}
  m_PrefabInternal: {fileID: 0}
  serializedVersion: 5
  m_Component:
  - component: {fileID: 1744047258}
  - component: {fileID: 1744047257}
  - component: {fileID: 1744047256}
  - component: {fileID: 1744047255}
  - component: {fileID: 1744047254}
  m_Layer: 8
  m_Name: Puzzle_Sprendejas (1)
  m_TagString: Untagged
  m_Icon: {fileID: 0}
  m_NavMeshLayer: 0
  m_StaticEditorFlags: 0
  m_IsActive: 1
--- !u!54 &1744047254
Rigidbody:
  m_ObjectHideFlags: 0
  m_PrefabParentObject: {fileID: 0}
  m_PrefabInternal: {fileID: 0}
  m_GameObject: {fileID: 1744047253}
  serializedVersion: 2
  m_Mass: 1
  m_Drag: 0
  m_AngularDrag: 0.05
  m_UseGravity: 1
  m_IsKinematic: 0
  m_Interpolate: 0
  m_Constraints: 0
  m_CollisionDetection: 0
--- !u!23 &1744047255
MeshRenderer:
  m_ObjectHideFlags: 0
  m_PrefabParentObject: {fileID: 0}
  m_PrefabInternal: {fileID: 0}
  m_GameObject: {fileID: 1744047253}
  m_Enabled: 1
  m_CastShadows: 1
  m_ReceiveShadows: 1
  m_DynamicOccludee: 1
  m_MotionVectors: 1
  m_LightProbeUsage: 1
  m_ReflectionProbeUsage: 1
  m_Materials:
  - {fileID: 2100000, guid: 8f83876d8846fed49963ffc81cd44025, type: 2}
  m_StaticBatchInfo:
    firstSubMesh: 0
    subMeshCount: 0
  m_StaticBatchRoot: {fileID: 0}
  m_ProbeAnchor: {fileID: 0}
  m_LightProbeVolumeOverride: {fileID: 0}
  m_ScaleInLightmap: 1
  m_PreserveUVs: 1
  m_IgnoreNormalsForChartDetection: 0
  m_ImportantGI: 0
  m_StitchLightmapSeams: 0
  m_SelectedEditorRenderState: 3
  m_MinimumChartSize: 4
  m_AutoUVMaxDistance: 0.5
  m_AutoUVMaxAngle: 89
  m_LightmapParameters: {fileID: 0}
  m_SortingLayerID: 0
  m_SortingLayer: 0
  m_SortingOrder: 0
--- !u!65 &1744047256
BoxCollider:
  m_ObjectHideFlags: 0
  m_PrefabParentObject: {fileID: 0}
  m_PrefabInternal: {fileID: 0}
  m_GameObject: {fileID: 1744047253}
  m_Material: {fileID: 0}
  m_IsTrigger: 0
  m_Enabled: 1
  serializedVersion: 2
  m_Size: {x: 1, y: 1, z: 1}
  m_Center: {x: 0, y: 0, z: 0}
--- !u!33 &1744047257
MeshFilter:
  m_ObjectHideFlags: 0
  m_PrefabParentObject: {fileID: 0}
  m_PrefabInternal: {fileID: 0}
  m_GameObject: {fileID: 1744047253}
  m_Mesh: {fileID: 10202, guid: 0000000000000000e000000000000000, type: 0}
--- !u!4 &1744047258
Transform:
  m_ObjectHideFlags: 0
  m_PrefabParentObject: {fileID: 0}
  m_PrefabInternal: {fileID: 0}
  m_GameObject: {fileID: 1744047253}
  m_LocalRotation: {x: -0, y: -0, z: -0, w: 1}
  m_LocalPosition: {x: -12.76, y: 5.15, z: -0.8}
  m_LocalScale: {x: 1, y: 1, z: 1}
  m_Children: []
  m_Father: {fileID: 1785780122}
  m_RootOrder: 2
  m_LocalEulerAnglesHint: {x: 0, y: 0, z: 0}
--- !u!1 &1785780121
GameObject:
  m_ObjectHideFlags: 0
  m_PrefabParentObject: {fileID: 0}
  m_PrefabInternal: {fileID: 0}
  serializedVersion: 5
  m_Component:
  - component: {fileID: 1785780122}
  m_Layer: 0
  m_Name: Puzzles
  m_TagString: Untagged
  m_Icon: {fileID: 0}
  m_NavMeshLayer: 0
  m_StaticEditorFlags: 0
  m_IsActive: 1
--- !u!4 &1785780122
Transform:
  m_ObjectHideFlags: 0
  m_PrefabParentObject: {fileID: 0}
  m_PrefabInternal: {fileID: 0}
  m_GameObject: {fileID: 1785780121}
  m_LocalRotation: {x: 0, y: 0, z: 0, w: 1}
  m_LocalPosition: {x: 0, y: 0, z: 0}
  m_LocalScale: {x: 1, y: 1, z: 1}
  m_Children:
  - {fileID: 1736131656}
  - {fileID: 1316844826}
  - {fileID: 1744047258}
  - {fileID: 545570945}
  m_Father: {fileID: 0}
  m_RootOrder: 8
  m_LocalEulerAnglesHint: {x: 0, y: 0, z: 0}
--- !u!1001 &1863108387
Prefab:
  m_ObjectHideFlags: 0
  serializedVersion: 2
  m_Modification:
    m_TransformParent: {fileID: 0}
    m_Modifications:
    - target: {fileID: 400000, guid: 5e9e851c0e142814dac026a256ba2ac0, type: 2}
      propertyPath: m_LocalPosition.x
      value: -7.5231056
      objectReference: {fileID: 0}
    - target: {fileID: 400000, guid: 5e9e851c0e142814dac026a256ba2ac0, type: 2}
      propertyPath: m_LocalPosition.y
      value: 1.86
      objectReference: {fileID: 0}
    - target: {fileID: 400000, guid: 5e9e851c0e142814dac026a256ba2ac0, type: 2}
      propertyPath: m_LocalPosition.z
      value: -6.4315553
      objectReference: {fileID: 0}
    - target: {fileID: 400000, guid: 5e9e851c0e142814dac026a256ba2ac0, type: 2}
      propertyPath: m_LocalRotation.x
      value: 0
      objectReference: {fileID: 0}
    - target: {fileID: 400000, guid: 5e9e851c0e142814dac026a256ba2ac0, type: 2}
      propertyPath: m_LocalRotation.y
      value: 0
      objectReference: {fileID: 0}
    - target: {fileID: 400000, guid: 5e9e851c0e142814dac026a256ba2ac0, type: 2}
      propertyPath: m_LocalRotation.z
      value: 0
      objectReference: {fileID: 0}
    - target: {fileID: 400000, guid: 5e9e851c0e142814dac026a256ba2ac0, type: 2}
      propertyPath: m_LocalRotation.w
      value: 1
      objectReference: {fileID: 0}
    - target: {fileID: 400000, guid: 5e9e851c0e142814dac026a256ba2ac0, type: 2}
      propertyPath: m_RootOrder
      value: 0
      objectReference: {fileID: 0}
    m_RemovedComponents: []
  m_ParentPrefab: {fileID: 100100000, guid: 5e9e851c0e142814dac026a256ba2ac0, type: 2}
  m_IsPrefabParent: 0
--- !u!1 &1873219875
GameObject:
  m_ObjectHideFlags: 0
  m_PrefabParentObject: {fileID: 0}
  m_PrefabInternal: {fileID: 0}
  serializedVersion: 5
  m_Component:
  - component: {fileID: 1873219877}
  - component: {fileID: 1873219876}
  - component: {fileID: 1873219878}
  m_Layer: 0
  m_Name: PuzzleController
  m_TagString: Puzzle_Controller
  m_Icon: {fileID: 0}
  m_NavMeshLayer: 0
  m_StaticEditorFlags: 0
  m_IsActive: 1
--- !u!114 &1873219876
MonoBehaviour:
  m_ObjectHideFlags: 0
  m_PrefabParentObject: {fileID: 0}
  m_PrefabInternal: {fileID: 0}
  m_GameObject: {fileID: 1873219875}
  m_Enabled: 1
  m_EditorHideFlags: 0
  m_Script: {fileID: 11500000, guid: c7041e4b213f4324ca7c142b134c7260, type: 3}
  m_Name: 
  m_EditorClassIdentifier: 
  puzzleFinished: {fileID: 1096858368}
--- !u!4 &1873219877
Transform:
  m_ObjectHideFlags: 0
  m_PrefabParentObject: {fileID: 0}
  m_PrefabInternal: {fileID: 0}
  m_GameObject: {fileID: 1873219875}
  m_LocalRotation: {x: 0, y: 0, z: 0, w: 1}
  m_LocalPosition: {x: 0, y: 0, z: 0}
  m_LocalScale: {x: 1, y: 1, z: 1}
  m_Children: []
  m_Father: {fileID: 0}
  m_RootOrder: 3
  m_LocalEulerAnglesHint: {x: 0, y: 0, z: 0}
--- !u!114 &1873219878
MonoBehaviour:
  m_ObjectHideFlags: 0
  m_PrefabParentObject: {fileID: 0}
  m_PrefabInternal: {fileID: 0}
  m_GameObject: {fileID: 1873219875}
  m_Enabled: 1
  m_EditorHideFlags: 0
  m_Script: {fileID: 11500000, guid: bdf2689a7172da94fa257be9070ed098, type: 3}
  m_Name: 
  m_EditorClassIdentifier: 
  Puzzles:
  - {fileID: 1736131652}
  - {fileID: 1316844827}
--- !u!1 &1955841721
GameObject:
  m_ObjectHideFlags: 0
  m_PrefabParentObject: {fileID: 100004, guid: 7f6a9cfbbc5218349aed7ccc86efb1ff, type: 3}
  m_PrefabInternal: {fileID: 560840698}
  serializedVersion: 5
  m_Component:
  - component: {fileID: 1955841722}
  - component: {fileID: 1955841724}
  - component: {fileID: 1955841723}
  m_Layer: 0
  m_Name: BezierCircle_002
  m_TagString: Untagged
  m_Icon: {fileID: 0}
  m_NavMeshLayer: 0
  m_StaticEditorFlags: 0
  m_IsActive: 1
--- !u!4 &1955841722
Transform:
  m_ObjectHideFlags: 0
  m_PrefabParentObject: {fileID: 400004, guid: 7f6a9cfbbc5218349aed7ccc86efb1ff, type: 3}
  m_PrefabInternal: {fileID: 560840698}
  m_GameObject: {fileID: 1955841721}
  m_LocalRotation: {x: 0.00000001545431, y: -0.7071067, z: 0.000000015454308, w: 0.7071068}
  m_LocalPosition: {x: -3.3329854, y: 1.9627904, z: 1.5623133}
  m_LocalScale: {x: 1.74462, y: 1.6684028, z: 1.6684028}
  m_Children: []
  m_Father: {fileID: 2090943398}
  m_RootOrder: 2
  m_LocalEulerAnglesHint: {x: 0, y: 0, z: 0}
--- !u!23 &1955841723
MeshRenderer:
  m_ObjectHideFlags: 0
  m_PrefabParentObject: {fileID: 2300004, guid: 7f6a9cfbbc5218349aed7ccc86efb1ff,
    type: 3}
  m_PrefabInternal: {fileID: 560840698}
  m_GameObject: {fileID: 1955841721}
  m_Enabled: 1
  m_CastShadows: 1
  m_ReceiveShadows: 1
  m_DynamicOccludee: 1
  m_MotionVectors: 1
  m_LightProbeUsage: 1
  m_ReflectionProbeUsage: 1
  m_Materials:
  - {fileID: 2100000, guid: 7f6a9cfbbc5218349aed7ccc86efb1ff, type: 3}
  m_StaticBatchInfo:
    firstSubMesh: 0
    subMeshCount: 0
  m_StaticBatchRoot: {fileID: 0}
  m_ProbeAnchor: {fileID: 0}
  m_LightProbeVolumeOverride: {fileID: 0}
  m_ScaleInLightmap: 1
  m_PreserveUVs: 0
  m_IgnoreNormalsForChartDetection: 0
  m_ImportantGI: 0
  m_StitchLightmapSeams: 0
  m_SelectedEditorRenderState: 3
  m_MinimumChartSize: 4
  m_AutoUVMaxDistance: 0.5
  m_AutoUVMaxAngle: 89
  m_LightmapParameters: {fileID: 0}
  m_SortingLayerID: 0
  m_SortingLayer: 0
  m_SortingOrder: 0
--- !u!33 &1955841724
MeshFilter:
  m_ObjectHideFlags: 0
  m_PrefabParentObject: {fileID: 3300004, guid: 7f6a9cfbbc5218349aed7ccc86efb1ff,
    type: 3}
  m_PrefabInternal: {fileID: 560840698}
  m_GameObject: {fileID: 1955841721}
  m_Mesh: {fileID: 4300000, guid: 7f6a9cfbbc5218349aed7ccc86efb1ff, type: 3}
--- !u!1 &2078939086
GameObject:
  m_ObjectHideFlags: 0
  m_PrefabParentObject: {fileID: 100014, guid: 7f6a9cfbbc5218349aed7ccc86efb1ff, type: 3}
  m_PrefabInternal: {fileID: 560840698}
  serializedVersion: 5
  m_Component:
  - component: {fileID: 2078939087}
  - component: {fileID: 2078939089}
  - component: {fileID: 2078939088}
  m_Layer: 0
  m_Name: Cube_004
  m_TagString: Untagged
  m_Icon: {fileID: 0}
  m_NavMeshLayer: 0
  m_StaticEditorFlags: 0
  m_IsActive: 1
--- !u!4 &2078939087
Transform:
  m_ObjectHideFlags: 0
  m_PrefabParentObject: {fileID: 400014, guid: 7f6a9cfbbc5218349aed7ccc86efb1ff, type: 3}
  m_PrefabInternal: {fileID: 560840698}
  m_GameObject: {fileID: 2078939086}
  m_LocalRotation: {x: 0.9659259, y: 0, z: 0, w: -0.25881892}
  m_LocalPosition: {x: -3.3737988, y: 2.9870903, z: 0.02696358}
  m_LocalScale: {x: 0.189, y: 0.189, z: 0.189}
  m_Children: []
  m_Father: {fileID: 2090943398}
  m_RootOrder: 7
  m_LocalEulerAnglesHint: {x: 0, y: 0, z: 0}
--- !u!23 &2078939088
MeshRenderer:
  m_ObjectHideFlags: 0
  m_PrefabParentObject: {fileID: 2300014, guid: 7f6a9cfbbc5218349aed7ccc86efb1ff,
    type: 3}
  m_PrefabInternal: {fileID: 560840698}
  m_GameObject: {fileID: 2078939086}
  m_Enabled: 1
  m_CastShadows: 1
  m_ReceiveShadows: 1
  m_DynamicOccludee: 1
  m_MotionVectors: 1
  m_LightProbeUsage: 1
  m_ReflectionProbeUsage: 1
  m_Materials:
  - {fileID: 2100006, guid: 7f6a9cfbbc5218349aed7ccc86efb1ff, type: 3}
  m_StaticBatchInfo:
    firstSubMesh: 0
    subMeshCount: 0
  m_StaticBatchRoot: {fileID: 0}
  m_ProbeAnchor: {fileID: 0}
  m_LightProbeVolumeOverride: {fileID: 0}
  m_ScaleInLightmap: 1
  m_PreserveUVs: 0
  m_IgnoreNormalsForChartDetection: 0
  m_ImportantGI: 0
  m_StitchLightmapSeams: 0
  m_SelectedEditorRenderState: 3
  m_MinimumChartSize: 4
  m_AutoUVMaxDistance: 0.5
  m_AutoUVMaxAngle: 89
  m_LightmapParameters: {fileID: 0}
  m_SortingLayerID: 0
  m_SortingLayer: 0
  m_SortingOrder: 0
--- !u!33 &2078939089
MeshFilter:
  m_ObjectHideFlags: 0
  m_PrefabParentObject: {fileID: 3300014, guid: 7f6a9cfbbc5218349aed7ccc86efb1ff,
    type: 3}
  m_PrefabInternal: {fileID: 560840698}
  m_GameObject: {fileID: 2078939086}
  m_Mesh: {fileID: 4300018, guid: 7f6a9cfbbc5218349aed7ccc86efb1ff, type: 3}
--- !u!1 &2090943396
GameObject:
  m_ObjectHideFlags: 0
  m_PrefabParentObject: {fileID: 100030, guid: 7f6a9cfbbc5218349aed7ccc86efb1ff, type: 3}
  m_PrefabInternal: {fileID: 560840698}
  serializedVersion: 5
  m_Component:
  - component: {fileID: 2090943398}
  - component: {fileID: 2090943397}
  m_Layer: 0
  m_Name: teleportasv1
  m_TagString: Untagged
  m_Icon: {fileID: 0}
  m_NavMeshLayer: 0
  m_StaticEditorFlags: 0
  m_IsActive: 1
--- !u!95 &2090943397
Animator:
  serializedVersion: 3
  m_ObjectHideFlags: 0
  m_PrefabParentObject: {fileID: 9500000, guid: 7f6a9cfbbc5218349aed7ccc86efb1ff,
    type: 3}
  m_PrefabInternal: {fileID: 560840698}
  m_GameObject: {fileID: 2090943396}
  m_Enabled: 1
  m_Avatar: {fileID: 9000000, guid: 7f6a9cfbbc5218349aed7ccc86efb1ff, type: 3}
  m_Controller: {fileID: 0}
  m_CullingMode: 0
  m_UpdateMode: 0
  m_ApplyRootMotion: 0
  m_LinearVelocityBlending: 0
  m_WarningMessage: 
  m_HasTransformHierarchy: 1
  m_AllowConstantClipSamplingOptimization: 1
--- !u!4 &2090943398
Transform:
  m_ObjectHideFlags: 0
  m_PrefabParentObject: {fileID: 400030, guid: 7f6a9cfbbc5218349aed7ccc86efb1ff, type: 3}
  m_PrefabInternal: {fileID: 560840698}
  m_GameObject: {fileID: 2090943396}
  m_LocalRotation: {x: 0, y: 0, z: 0, w: 1}
  m_LocalPosition: {x: -9.8726, y: 0.012341, z: 9.8047}
  m_LocalScale: {x: 0.949703, y: 1, z: 0.97764224}
  m_Children:
  - {fileID: 689129788}
  - {fileID: 1512837182}
  - {fileID: 1955841722}
  - {fileID: 797037932}
  - {fileID: 83818078}
  - {fileID: 1394581968}
  - {fileID: 1248995182}
  - {fileID: 2078939087}
  - {fileID: 48937883}
  - {fileID: 1533563784}
  - {fileID: 1268733641}
  - {fileID: 1624450381}
  - {fileID: 379185241}
  - {fileID: 2130563928}
  - {fileID: 841164935}
  m_Father: {fileID: 0}
  m_RootOrder: 2
  m_LocalEulerAnglesHint: {x: 0, y: 0, z: 0}
--- !u!1 &2130563927
GameObject:
  m_ObjectHideFlags: 0
  m_PrefabParentObject: {fileID: 100026, guid: 7f6a9cfbbc5218349aed7ccc86efb1ff, type: 3}
  m_PrefabInternal: {fileID: 560840698}
  serializedVersion: 5
  m_Component:
  - component: {fileID: 2130563928}
  - component: {fileID: 2130563930}
  - component: {fileID: 2130563929}
  m_Layer: 0
  m_Name: Cube_010
  m_TagString: Untagged
  m_Icon: {fileID: 0}
  m_NavMeshLayer: 0
  m_StaticEditorFlags: 0
  m_IsActive: 1
--- !u!4 &2130563928
Transform:
  m_ObjectHideFlags: 0
  m_PrefabParentObject: {fileID: 400026, guid: 7f6a9cfbbc5218349aed7ccc86efb1ff, type: 3}
  m_PrefabInternal: {fileID: 560840698}
  m_GameObject: {fileID: 2130563927}
  m_LocalRotation: {x: 0.25881907, y: -0, z: -0, w: 0.9659259}
  m_LocalPosition: {x: -3.3737988, y: 1.0213162, z: 3.1241982}
  m_LocalScale: {x: 0.189, y: 0.189, z: 0.189}
  m_Children: []
  m_Father: {fileID: 2090943398}
  m_RootOrder: 13
  m_LocalEulerAnglesHint: {x: 0, y: 0, z: 0}
--- !u!23 &2130563929
MeshRenderer:
  m_ObjectHideFlags: 0
  m_PrefabParentObject: {fileID: 2300026, guid: 7f6a9cfbbc5218349aed7ccc86efb1ff,
    type: 3}
  m_PrefabInternal: {fileID: 560840698}
  m_GameObject: {fileID: 2130563927}
  m_Enabled: 1
  m_CastShadows: 1
  m_ReceiveShadows: 1
  m_DynamicOccludee: 1
  m_MotionVectors: 1
  m_LightProbeUsage: 1
  m_ReflectionProbeUsage: 1
  m_Materials:
  - {fileID: 2100006, guid: 7f6a9cfbbc5218349aed7ccc86efb1ff, type: 3}
  m_StaticBatchInfo:
    firstSubMesh: 0
    subMeshCount: 0
  m_StaticBatchRoot: {fileID: 0}
  m_ProbeAnchor: {fileID: 0}
  m_LightProbeVolumeOverride: {fileID: 0}
  m_ScaleInLightmap: 1
  m_PreserveUVs: 0
  m_IgnoreNormalsForChartDetection: 0
  m_ImportantGI: 0
  m_StitchLightmapSeams: 0
  m_SelectedEditorRenderState: 3
  m_MinimumChartSize: 4
  m_AutoUVMaxDistance: 0.5
  m_AutoUVMaxAngle: 89
  m_LightmapParameters: {fileID: 0}
  m_SortingLayerID: 0
  m_SortingLayer: 0
  m_SortingOrder: 0
--- !u!33 &2130563930
MeshFilter:
  m_ObjectHideFlags: 0
  m_PrefabParentObject: {fileID: 3300026, guid: 7f6a9cfbbc5218349aed7ccc86efb1ff,
    type: 3}
  m_PrefabInternal: {fileID: 560840698}
  m_GameObject: {fileID: 2130563927}
  m_Mesh: {fileID: 4300006, guid: 7f6a9cfbbc5218349aed7ccc86efb1ff, type: 3}
